%YAML 1.1
%TAG !u! tag:unity3d.com,2011:
--- !u!1 &8478863549854456595
GameObject:
  m_ObjectHideFlags: 0
  m_CorrespondingSourceObject: {fileID: 0}
  m_PrefabInstance: {fileID: 0}
  m_PrefabAsset: {fileID: 0}
  serializedVersion: 6
  m_Component:
  - component: {fileID: 8478863549854456594}
  m_Layer: 0
  m_Name: Avoidance
  m_TagString: Untagged
  m_Icon: {fileID: 0}
  m_NavMeshLayer: 0
  m_StaticEditorFlags: 0
  m_IsActive: 1
--- !u!4 &8478863549854456594
Transform:
  m_ObjectHideFlags: 0
  m_CorrespondingSourceObject: {fileID: 0}
  m_PrefabInstance: {fileID: 0}
  m_PrefabAsset: {fileID: 0}
  m_GameObject: {fileID: 8478863549854456595}
  m_LocalRotation: {x: 0, y: 0, z: 0, w: 1}
  m_LocalPosition: {x: 0, y: 0, z: 0}
  m_LocalScale: {x: 1, y: 1, z: 1}
  m_Children: []
  m_Father: {fileID: 8478863550806477234}
  m_RootOrder: 2
  m_LocalEulerAnglesHint: {x: 0, y: 0, z: 0}
--- !u!1 &8478863550017775014
GameObject:
  m_ObjectHideFlags: 0
  m_CorrespondingSourceObject: {fileID: 0}
  m_PrefabInstance: {fileID: 0}
  m_PrefabAsset: {fileID: 0}
  serializedVersion: 6
  m_Component:
  - component: {fileID: 8478863550017775013}
  m_Layer: 0
  m_Name: Target
  m_TagString: Untagged
  m_Icon: {fileID: 0}
  m_NavMeshLayer: 0
  m_StaticEditorFlags: 0
  m_IsActive: 1
--- !u!4 &8478863550017775013
Transform:
  m_ObjectHideFlags: 0
  m_CorrespondingSourceObject: {fileID: 0}
  m_PrefabInstance: {fileID: 0}
  m_PrefabAsset: {fileID: 0}
  m_GameObject: {fileID: 8478863550017775014}
  m_LocalRotation: {x: 0, y: 0, z: 0, w: 1}
  m_LocalPosition: {x: 0, y: 0, z: 1.8}
  m_LocalScale: {x: 1, y: 1, z: 1}
  m_Children: []
  m_Father: {fileID: 8478863550806477234}
  m_RootOrder: 1
  m_LocalEulerAnglesHint: {x: 0, y: 0, z: 0}
--- !u!1 &8478863550806477237
GameObject:
  m_ObjectHideFlags: 0
  m_CorrespondingSourceObject: {fileID: 0}
  m_PrefabInstance: {fileID: 0}
  m_PrefabAsset: {fileID: 0}
  serializedVersion: 6
  m_Component:
  - component: {fileID: 8478863550806477234}
  - component: {fileID: 8478863550806477235}
  - component: {fileID: 8478863550806477236}
  m_Layer: 0
  m_Name: Cube Crate Red (Orig)
  m_TagString: Untagged
  m_Icon: {fileID: 0}
  m_NavMeshLayer: 0
  m_StaticEditorFlags: 0
  m_IsActive: 1
--- !u!4 &8478863550806477234
Transform:
  m_ObjectHideFlags: 0
  m_CorrespondingSourceObject: {fileID: 0}
  m_PrefabInstance: {fileID: 0}
  m_PrefabAsset: {fileID: 0}
  m_GameObject: {fileID: 8478863550806477237}
  m_LocalRotation: {x: 0, y: 0, z: 0, w: 1}
  m_LocalPosition: {x: -7.666, y: 0, z: -3.48}
  m_LocalScale: {x: 1, y: 1, z: 1}
  m_Children:
  - {fileID: 8483285127174875221}
  - {fileID: 8478863550017775013}
  - {fileID: 8478863549854456594}
  m_Father: {fileID: 0}
  m_RootOrder: 0
  m_LocalEulerAnglesHint: {x: 0, y: 0, z: 0}
--- !u!114 &8478863550806477235
MonoBehaviour:
  m_ObjectHideFlags: 0
  m_CorrespondingSourceObject: {fileID: 0}
  m_PrefabInstance: {fileID: 0}
  m_PrefabAsset: {fileID: 0}
  m_GameObject: {fileID: 8478863550806477237}
  m_Enabled: 1
  m_EditorHideFlags: 0
  m_Script: {fileID: 11500000, guid: 360dfe1e8ff53b1459a8016f8972d759, type: 3}
  m_Name: 
  m_EditorClassIdentifier: 
  m_InteractionManager: {fileID: 0}
  m_Colliders: []
  m_InteractionLayerMask:
    serializedVersion: 2
    m_Bits: 4294967295
  m_OnFirstHoverEnter:
    m_PersistentCalls:
      m_Calls: []
  m_OnHoverEnter:
    m_PersistentCalls:
      m_Calls: []
  m_OnHoverExit:
    m_PersistentCalls:
      m_Calls: []
  m_OnLastHoverExit:
    m_PersistentCalls:
      m_Calls: []
  m_OnSelectEnter:
    m_PersistentCalls:
      m_Calls: []
  m_OnSelectExit:
    m_PersistentCalls:
      m_Calls: []
  m_OnActivate:
    m_PersistentCalls:
      m_Calls: []
  m_OnDeactivate:
    m_PersistentCalls:
      m_Calls: []
  m_CustomReticle: {fileID: 0}
  HoverEnterCallback:
    m_PersistentCalls:
      m_Calls:
      - m_Target: {fileID: 8478863548739291244}
        m_MethodName: set_enabled
        m_Mode: 6
        m_Arguments:
          m_ObjectArgument: {fileID: 0}
          m_ObjectArgumentAssemblyTypeName: UnityEngine.Object, UnityEngine
          m_IntArgument: 0
          m_FloatArgument: 0
          m_StringArgument: 
          m_BoolArgument: 1
        m_CallState: 2
  HoverExitCallback:
    m_PersistentCalls:
      m_Calls:
      - m_Target: {fileID: 8478863548739291244}
        m_MethodName: set_enabled
        m_Mode: 6
        m_Arguments:
          m_ObjectArgument: {fileID: 0}
          m_ObjectArgumentAssemblyTypeName: UnityEngine.Object, UnityEngine
          m_IntArgument: 0
          m_FloatArgument: 0
          m_StringArgument: 
          m_BoolArgument: 0
        m_CallState: 2
  SelectEnterCallback:
    m_PersistentCalls:
      m_Calls: []
  SelectExitCallback:
    m_PersistentCalls:
      m_Calls: []
--- !u!65 &8478863550806477236
BoxCollider:
  m_ObjectHideFlags: 0
  m_CorrespondingSourceObject: {fileID: 0}
  m_PrefabInstance: {fileID: 0}
  m_PrefabAsset: {fileID: 0}
  m_GameObject: {fileID: 8478863550806477237}
  m_Material: {fileID: 0}
  m_IsTrigger: 0
  m_Enabled: 1
  serializedVersion: 2
  m_Size: {x: 1.5, y: 1.5, z: 1.5}
  m_Center: {x: 0, y: 0.75, z: 0}
--- !u!114 &8478863548739291243
MonoBehaviour:
  m_ObjectHideFlags: 0
  m_CorrespondingSourceObject: {fileID: 0}
  m_PrefabInstance: {fileID: 0}
  m_PrefabAsset: {fileID: 0}
  m_GameObject: {fileID: 8480215550575518357}
  m_Enabled: 1
  m_EditorHideFlags: 0
  m_Script: {fileID: 11500000, guid: e104f65e7a52dd144a5b63ddef27466a, type: 3}
  m_Name: 
  m_EditorClassIdentifier: 
  id: 0
  AvatarTarget: {fileID: 8478863550017775013}
  AvoidanceTarget: {fileID: 8478863549854456594}
  AvoidanceRadius: 2
  color: 1
  DistanceCheck: 2
--- !u!114 &8478863548739291244
MonoBehaviour:
  m_ObjectHideFlags: 0
  m_CorrespondingSourceObject: {fileID: 0}
  m_PrefabInstance: {fileID: 0}
  m_PrefabAsset: {fileID: 0}
  m_GameObject: {fileID: 8480215550575518357}
  m_Enabled: 0
  m_EditorHideFlags: 0
  m_Script: {fileID: 11500000, guid: 5fea29bb7c508c244a1f805a5fd3fc4d, type: 3}
  m_Name: 
  m_EditorClassIdentifier: 
  outlineMode: 0
  outlineColor: {r: 1, g: 1, b: 1, a: 1}
  outlineWidth: 2
  precomputeOutline: 1
  bakeKeys:
  - {fileID: 4300000, guid: da30eb5572d991e4e8b0cc8143e7b9e2, type: 3}
  bakeValues:
  - data:
    - {x: 0.6845472, y: -0.2505557, z: 0.684556}
    - {x: 0.2505615, y: -0.68454355, z: 0.68455756}
    - {x: 0.6845514, y: -0.6845462, z: 0.25057122}
    - {x: -0.68455637, y: -0.6845424, z: 0.25056797}
    - {x: -0.25056797, y: -0.6845424, z: 0.68455637}
    - {x: -0.6845522, y: -0.25055248, z: 0.6845522}
    - {x: 0.6845514, y: 0.68454623, z: 0.2505712}
    - {x: 0.25056148, y: 0.6845436, z: 0.6845575}
    - {x: 0.6845472, y: 0.25055575, z: 0.68455595}
    - {x: -0.6845522, y: 0.25055254, z: 0.6845522}
    - {x: -0.25056794, y: 0.6845424, z: 0.6845563}
    - {x: -0.6845563, y: 0.6845424, z: 0.25056794}
    - {x: 0.68455476, y: 0.25056222, z: -0.6845461}
    - {x: 0.2505679, y: 0.6845511, z: -0.6845476}
    - {x: 0.68455374, y: 0.6845486, z: -0.25055826}
    - {x: -0.6845587, y: 0.6845448, z: -0.250555}
    - {x: -0.25057438, y: 0.68455, z: -0.6845464}
    - {x: -0.68455976, y: 0.250559, z: -0.6845423}
    - {x: 0.68455374, y: -0.68454856, z: -0.2505583}
    - {x: 0.25056797, y: -0.6845512, z: -0.68454766}
    - {x: 0.6845548, y: -0.25056216, z: -0.6845461}
    - {x: -0.68455976, y: -0.2505589, z: -0.6845423}
    - {x: -0.25057444, y: -0.68455, z: -0.6845465}
    - {x: -0.6845587, y: -0.68454474, z: -0.25055504}
    - {x: 0.6740626, y: 0.67406714, z: -0.3021142}
    - {x: 0.9528572, y: 0.2602852, z: -0.15593185}
    - {x: 0.9528572, y: 0.2602852, z: 0.15593185}
    - {x: 0.6740626, y: 0.67406714, z: 0.3021142}
    - {x: -0.26266813, y: 0.9591355, z: 0.10518791}
    - {x: -0.10518791, y: 0.9591355, z: 0.26266813}
    - {x: 0.10518559, y: 0.95913583, z: 0.2626678}
    - {x: 0.2626658, y: 0.9591362, z: 0.105187684}
    - {x: -0.26266813, y: 0.9591355, z: -0.10518791}
    - {x: 0.2626658, y: 0.9591362, z: -0.105187684}
    - {x: -0.10518791, y: 0.9591355, z: -0.26266813}
    - {x: 0.10518559, y: 0.95913583, z: -0.2626678}
    - {x: -0.67404914, y: 0.6740675, z: 0.3021436}
    - {x: -0.9528411, y: 0.26032335, z: 0.15596683}
    - {x: -0.9528411, y: 0.26032335, z: -0.15596683}
    - {x: -0.67404914, y: 0.6740675, z: -0.3021436}
    - {x: -0.95285195, y: -0.15597908, z: -0.26027635}
    - {x: -0.67404526, y: -0.30220202, z: -0.67404526}
    - {x: -0.67404526, y: 0.3022017, z: -0.67404526}
    - {x: -0.95285195, y: 0.15597889, z: -0.26027632}
    - {x: -0.95285195, y: 0.15597902, z: 0.26027626}
    - {x: -0.67404526, y: 0.3022018, z: 0.67404526}
    - {x: -0.67404526, y: -0.30220202, z: 0.67404526}
    - {x: -0.95285195, y: -0.15597908, z: 0.26027635}
    - {x: -0.9528412, y: -0.26032275, z: 0.1559668}
    - {x: -0.6740494, y: -0.67406756, z: 0.30214292}
    - {x: -0.6740494, y: -0.67406756, z: -0.30214292}
    - {x: -0.9528412, y: -0.26032275, z: -0.1559668}
    - {x: -0.6740494, y: -0.67406756, z: 0.30214292}
    - {x: -0.26027364, y: -0.95286036, z: 0.15593198}
    - {x: -0.26027364, y: -0.95286036, z: -0.15593198}
    - {x: -0.6740494, y: -0.67406756, z: -0.30214292}
    - {x: 0.15591365, y: -0.95287365, z: -0.260236}
    - {x: 0.30211517, y: -0.67407376, z: -0.6740556}
    - {x: -0.30215794, y: -0.67406374, z: -0.67404646}
    - {x: -0.15594372, y: -0.9528696, z: -0.26023278}
    - {x: -0.15592857, y: -0.9528709, z: 0.2602371}
    - {x: -0.30214292, y: -0.67406756, z: 0.6740494}
    - {x: 0.30213016, y: -0.67406994, z: 0.67405266}
    - {x: 0.15592879, y: -0.95287234, z: 0.26023167}
    - {x: 0.26023713, y: -0.9528709, z: 0.15592858}
    - {x: 0.6740629, y: -0.67406726, z: 0.30211347}
    - {x: 0.6740629, y: -0.67406726, z: -0.30211347}
    - {x: 0.26023713, y: -0.9528709, z: -0.15592858}
    - {x: 0.6740629, y: -0.67406726, z: 0.30211347}
    - {x: 0.9528574, y: -0.26028463, z: 0.1559318}
    - {x: 0.9528574, y: -0.26028463, z: -0.1559318}
    - {x: 0.6740629, y: -0.67406726, z: -0.30211347}
    - {x: 0.9528681, y: -0.15594403, z: 0.2602382}
    - {x: 0.67405874, y: -0.30217254, z: 0.6740449}
    - {x: 0.67405885, y: 0.30217227, z: 0.674045}
    - {x: 0.9528681, y: 0.15594389, z: 0.26023817}
    - {x: 0.952868, y: 0.15594408, z: -0.26023817}
    - {x: 0.67405874, y: 0.30217266, z: -0.6740449}
    - {x: 0.67405874, y: -0.30217254, z: -0.6740449}
    - {x: 0.9528681, y: -0.15594403, z: -0.2602382}
    - {x: 0.67405874, y: 0.30217266, z: -0.6740449}
    - {x: 0.26027635, y: 0.15597916, z: -0.95285195}
    - {x: 0.26027635, y: -0.15597908, z: -0.95285195}
    - {x: 0.67405874, y: -0.30217254, z: -0.6740449}
    - {x: 0.67405874, y: -0.30217254, z: 0.6740449}
    - {x: 0.26027635, y: -0.15597908, z: 0.95285195}
    - {x: 0.26027632, y: 0.15597892, z: 0.95285195}
    - {x: 0.67405885, y: 0.30217227, z: 0.674045}
    - {x: 0.15595187, y: -0.26032165, z: 0.952844}
    - {x: 0.30213016, y: -0.67406994, z: 0.67405266}
    - {x: -0.30214292, y: -0.67406756, z: 0.6740494}
    - {x: -0.15596679, y: -0.26032272, z: 0.9528412}
    - {x: -0.26031286, y: -0.15598248, z: 0.9528414}
    - {x: -0.67404526, y: -0.30220202, z: 0.67404526}
    - {x: -0.67404526, y: 0.3022018, z: 0.67404526}
    - {x: -0.26031286, y: 0.15598232, z: 0.9528414}
    - {x: -0.15598154, y: 0.2603298, z: 0.9528369}
    - {x: -0.30218416, y: 0.67405796, z: 0.67404044}
    - {x: 0.30211586, y: 0.6740737, z: 0.67405534}
    - {x: 0.15595192, y: 0.2603222, z: 0.95284384}
    - {x: -0.67404526, y: -0.30220202, z: -0.67404526}
    - {x: -0.26031286, y: -0.15598248, z: -0.9528414}
    - {x: -0.26031286, y: 0.15598232, z: -0.9528414}
    - {x: -0.67404526, y: 0.3022017, z: -0.67404526}
    - {x: -0.15596679, y: -0.26032272, z: -0.9528412}
    - {x: -0.30215794, y: -0.67406374, z: -0.67404646}
    - {x: 0.30211517, y: -0.67407376, z: -0.6740556}
    - {x: 0.15595187, y: -0.26032165, z: -0.952844}
    - {x: 0.15596661, y: 0.2603287, z: -0.9528396}
    - {x: 0.3021564, y: 0.6740642, z: -0.67404675}
    - {x: -0.3021436, y: 0.6740675, z: -0.67404914}
    - {x: -0.15596683, y: 0.26032332, z: -0.9528411}
    - {x: -0.25056794, y: 0.6845424, z: 0.6845563}
    - {x: -0.6845522, y: 0.25055254, z: 0.6845522}
    - {x: -0.6741037, y: -0.3019413, z: 0.6741037}
    - {x: 0.011409071, y: -0.16436853, z: 0.986333}
    - {x: 0.30185443, y: 0.67413044, z: 0.6741158}
    - {x: 0.16435412, y: -0.011403, z: 0.98633546}
    - {x: 0.9863383, y: -0.011409759, z: 0.16433659}
    - {x: 0.98633784, y: -0.16433732, z: 0.011435848}
    - {x: 0.67411715, y: -0.30191183, z: -0.6741034}
    - {x: 0.68455476, y: 0.25056222, z: -0.6845461}
    - {x: 0.67412305, y: 0.6741239, z: 0.30185276}
    - {x: 0.68455374, y: 0.6845486, z: -0.25055826}
    - {x: -0.68455976, y: 0.250559, z: -0.6845423}
    - {x: -0.6741037, y: -0.3019413, z: -0.6741037}
    - {x: -0.98633325, y: -0.1643656, z: 0.011429236}
    - {x: -0.9863337, y: -0.011403155, z: 0.16436484}
    - {x: -0.6741096, y: 0.6741242, z: 0.30188218}
    - {x: -0.6845587, y: 0.6845448, z: -0.250555}
    - {x: -0.6845587, y: -0.68454474, z: -0.25055504}
    - {x: -0.25057444, y: -0.68455, z: -0.6845465}
    - {x: 0.30185384, y: -0.6741307, z: -0.67411584}
    - {x: 0.16432093, y: -0.9863407, z: 0.011433993}
    - {x: -0.67410964, y: -0.6741244, z: 0.30188155}
    - {x: 0.011413954, y: -0.98633856, z: 0.16433457}
    - {x: 0.011408985, y: -0.1643685, z: -0.986333}
    - {x: -0.6741037, y: -0.3019413, z: -0.6741037}
    - {x: -0.68455976, y: 0.250559, z: -0.6845423}
    - {x: -0.25057438, y: 0.68455, z: -0.6845464}
    - {x: 0.30189496, y: 0.6741209, z: -0.6741072}
    - {x: 0.16436327, y: -0.011399364, z: -0.986334}
    - {x: -0.9863337, y: -0.011403154, z: -0.16436481}
    - {x: -0.98633325, y: -0.16436562, z: -0.011429238}
    - {x: -0.6741037, y: -0.3019413, z: 0.6741037}
    - {x: -0.6845522, y: 0.25055254, z: 0.6845522}
    - {x: -0.6741096, y: 0.6741242, z: -0.30188218}
    - {x: -0.6845563, y: 0.6845424, z: 0.25056794}
    - {x: -0.68455637, y: -0.6845424, z: 0.25056797}
    - {x: -0.67410964, y: -0.6741244, z: -0.30188155}
    - {x: 0.011413954, y: -0.98633856, z: -0.16433457}
    - {x: 0.16433008, y: -0.98633903, z: -0.011437566}
    - {x: 0.3018688, y: -0.67412686, z: 0.67411286}
    - {x: -0.25056797, y: -0.6845424, z: 0.68455637}
    - {x: 0.6845472, y: 0.25055575, z: 0.68455595}
    - {x: 0.67411715, y: -0.30191183, z: 0.6741034}
    - {x: 0.98633784, y: -0.16433732, z: -0.011435848}
    - {x: 0.9863383, y: -0.011409759, z: -0.16433659}
    - {x: 0.67412305, y: 0.6741239, z: -0.30185276}
    - {x: 0.6845514, y: 0.68454623, z: 0.2505712}
    - {x: 0.9863383, y: 0.011410144, z: 0.16433658}
    - {x: 0.67412317, y: -0.6741241, z: 0.30185214}
    - {x: 0.68455374, y: -0.68454856, z: -0.2505583}
    - {x: 0.6845548, y: -0.25056216, z: -0.6845461}
    - {x: 0.6741171, y: 0.30191195, z: -0.6741033}
    - {x: 0.98633784, y: 0.16433735, z: 0.011435888}
    - {x: 0.6845472, y: -0.2505557, z: 0.684556}
    - {x: 0.6845514, y: -0.6845462, z: 0.25057122}
    - {x: 0.67412317, y: -0.6741241, z: -0.30185214}
    - {x: 0.9863383, y: 0.011410144, z: -0.16433658}
    - {x: 0.67411727, y: 0.30191156, z: 0.6741034}
    - {x: 0.98633796, y: 0.16433725, z: -0.011435889}
    - {x: 0.011409132, y: 0.16436848, z: 0.986333}
    - {x: -0.6741037, y: 0.30194113, z: 0.6741037}
    - {x: -0.6845522, y: -0.25055248, z: 0.6845522}
    - {x: -0.25056797, y: -0.6845424, z: 0.68455637}
    - {x: 0.3018688, y: -0.67412686, z: 0.67411286}
    - {x: 0.16435415, y: 0.011403446, z: 0.98633546}
    - {x: -0.9863337, y: 0.011403546, z: -0.16436484}
    - {x: -0.67410964, y: -0.6741244, z: -0.30188155}
    - {x: -0.68455637, y: -0.6845424, z: 0.25056797}
    - {x: -0.6845522, y: -0.25055248, z: 0.6845522}
    - {x: -0.6741037, y: 0.30194113, z: 0.6741037}
    - {x: -0.98633325, y: 0.16436559, z: -0.011429312}
    - {x: -0.68455976, y: -0.2505589, z: -0.6845423}
    - {x: -0.6845587, y: -0.68454474, z: -0.25055504}
    - {x: -0.67410964, y: -0.6741244, z: 0.30188155}
    - {x: -0.9863337, y: 0.011403546, z: 0.16436484}
    - {x: -0.67410374, y: 0.301941, z: -0.67410374}
    - {x: -0.98633325, y: 0.1643655, z: 0.011429284}
    - {x: -0.25057444, y: -0.68455, z: -0.6845465}
    - {x: -0.68455976, y: -0.2505589, z: -0.6845423}
    - {x: -0.67410374, y: 0.301941, z: -0.67410374}
    - {x: 0.011409011, y: 0.16436842, z: -0.986333}
    - {x: 0.30185384, y: -0.6741307, z: -0.67411584}
    - {x: 0.16435407, y: 0.0114033185, z: -0.98633546}
    - {x: -0.011429137, y: -0.16436554, z: -0.98633325}
    - {x: -0.16436478, y: -0.01140304, z: -0.9863337}
    - {x: -0.30188218, y: 0.6741242, z: -0.6741096}
    - {x: 0.2505679, y: 0.6845511, z: -0.6845476}
    - {x: 0.67411715, y: -0.30191183, z: -0.6741034}
    - {x: 0.68455476, y: 0.25056222, z: -0.6845461}
    - {x: 0.25056148, y: 0.6845436, z: 0.6845575}
    - {x: -0.3019227, y: 0.6741147, z: 0.6741009}
    - {x: -0.16437404, y: -0.011399626, z: 0.9863322}
    - {x: -0.011429238, y: -0.16436562, z: 0.98633325}
    - {x: 0.67411715, y: -0.30191183, z: 0.6741034}
    - {x: 0.6845472, y: 0.25055575, z: 0.68455595}
    - {x: -0.011429291, y: 0.16436554, z: 0.98633325}
    - {x: -0.16436484, y: 0.011403592, z: 0.9863337}
    - {x: -0.30188155, y: -0.6741244, z: 0.67410964}
    - {x: 0.2505615, y: -0.68454355, z: 0.68455756}
    - {x: 0.67411727, y: 0.30191156, z: 0.6741034}
    - {x: 0.6845472, y: -0.2505557, z: 0.684556}
    - {x: -0.16433161, y: -0.9863389, z: -0.011434127}
    - {x: -0.011434114, y: -0.9863389, z: -0.16433161}
    - {x: 0.67412317, y: -0.6741241, z: -0.30185214}
    - {x: 0.6845514, y: -0.6845462, z: 0.25057122}
    - {x: -0.30188155, y: -0.6741244, z: 0.67410964}
    - {x: 0.2505615, y: -0.68454355, z: 0.68455756}
    - {x: -0.16434076, y: -0.9863373, z: 0.011437726}
    - {x: -0.30189657, y: -0.6741206, z: -0.6741067}
    - {x: 0.25056797, y: -0.6845512, z: -0.68454766}
    - {x: 0.68455374, y: -0.68454856, z: -0.2505583}
    - {x: 0.67412317, y: -0.6741241, z: 0.30185214}
    - {x: -0.011434114, y: -0.9863389, z: 0.16433161}
    - {x: 0.25056797, y: -0.6845512, z: -0.68454766}
    - {x: -0.30189657, y: -0.6741206, z: -0.6741067}
    - {x: -0.16436477, y: 0.011403484, z: -0.9863337}
    - {x: -0.011429183, y: 0.16436563, z: -0.98633325}
    - {x: 0.6741171, y: 0.30191195, z: -0.6741033}
    - {x: 0.6845548, y: -0.25056216, z: -0.6845461}
    - {x: -0.15592936, y: 0.9528706, z: -0.2602378}
    - {x: -0.3021436, y: 0.6740675, z: -0.67404914}
    - {x: 0.3021564, y: 0.6740642, z: -0.67404675}
    - {x: 0.15594426, y: 0.9528678, z: -0.2602389}
    - {x: 0.68455374, y: 0.6845486, z: -0.25055826}
    - {x: 0.2505679, y: 0.6845511, z: -0.6845476}
    - {x: -0.30188218, y: 0.6741242, z: -0.6741096}
    - {x: -0.16433221, y: 0.9863388, z: 0.011433802}
    - {x: 0.67412305, y: 0.6741239, z: 0.30185276}
    - {x: -0.011433802, y: 0.9863388, z: 0.16433221}
    - {x: 0.6740626, y: 0.67406714, z: 0.3021142}
    - {x: 0.2602378, y: 0.9528706, z: 0.15592937}
    - {x: 0.2602378, y: 0.9528706, z: -0.15592937}
    - {x: 0.6740626, y: 0.67406714, z: -0.3021142}
    - {x: 0.6845514, y: 0.68454623, z: 0.2505712}
    - {x: 0.67412305, y: 0.6741239, z: -0.30185276}
    - {x: -0.011433802, y: 0.9863388, z: -0.16433221}
    - {x: -0.16435057, y: 0.98633575, z: -0.011433861}
    - {x: -0.3019227, y: 0.6741147, z: 0.6741009}
    - {x: 0.25056148, y: 0.6845436, z: 0.6845575}
    - {x: 0.15591444, y: 0.95287335, z: 0.26023668}
    - {x: 0.30211586, y: 0.6740737, z: 0.67405534}
    - {x: -0.30218416, y: 0.67405796, z: 0.67404044}
    - {x: -0.1559592, y: 0.95286506, z: 0.26024}
    - {x: 0.1643215, y: 0.9863406, z: -0.011433647}
    - {x: 0.0114136385, y: 0.98633856, z: -0.16433516}
    - {x: -0.6741096, y: 0.6741242, z: -0.30188218}
    - {x: -0.6845563, y: 0.6845424, z: 0.25056794}
    - {x: 0.30185443, y: 0.67413044, z: 0.6741158}
    - {x: -0.25056794, y: 0.6845424, z: 0.6845563}
    - {x: -0.26027432, y: 0.95286006, z: 0.15593277}
    - {x: -0.67404914, y: 0.6740675, z: 0.3021436}
    - {x: -0.67404914, y: 0.6740675, z: -0.3021436}
    - {x: -0.26027432, y: 0.95286006, z: -0.15593277}
    - {x: 0.16433986, y: 0.9863375, z: 0.011433694}
    - {x: 0.30189496, y: 0.6741209, z: -0.6741072}
    - {x: -0.25057438, y: 0.68455, z: -0.6845464}
    - {x: -0.6845587, y: 0.6845448, z: -0.250555}
    - {x: -0.6741096, y: 0.6741242, z: 0.30188218}
    - {x: 0.011413638, y: 0.98633856, z: 0.16433515}
    - {x: 0.10519561, y: 0.2626849, z: -0.95913005}
    - {x: 0.2626843, y: 0.10518947, z: -0.95913094}
    - {x: 0.26268423, y: -0.10518944, z: -0.95913094}
    - {x: 0.10519557, y: -0.2626847, z: -0.9591301}
    - {x: -0.10519794, y: 0.26268524, z: -0.9591297}
    - {x: -0.10519787, y: -0.26268506, z: -0.9591298}
    - {x: -0.2626866, y: 0.10518969, z: -0.9591303}
    - {x: -0.26268655, y: -0.105189644, z: -0.9591303}
    - {x: 0.9591363, y: 0.10518202, z: -0.26266783}
    - {x: 0.9591357, y: 0.26266643, z: -0.10519029}
    - {x: 0.9591357, y: 0.26266643, z: 0.10519029}
    - {x: 0.9591363, y: 0.105182014, z: 0.2626678}
    - {x: 0.9591363, y: -0.10518201, z: -0.26266775}
    - {x: 0.9591363, y: -0.10518201, z: 0.26266775}
    - {x: 0.9591358, y: -0.26266629, z: -0.105190225}
    - {x: 0.9591358, y: -0.26266629, z: 0.105190225}
    - {x: 0.10519561, y: -0.2626849, z: 0.95913005}
    - {x: 0.26268435, y: -0.1051895, z: 0.9591309}
    - {x: 0.26268446, y: 0.10518956, z: 0.9591309}
    - {x: 0.105195716, y: 0.26268515, z: 0.95913005}
    - {x: -0.10519794, y: -0.26268527, z: 0.95912975}
    - {x: -0.10519802, y: 0.26268545, z: 0.9591297}
    - {x: -0.26268667, y: -0.105189726, z: 0.9591302}
    - {x: -0.2626868, y: 0.10518976, z: 0.9591302}
    - {x: -0.9591302, y: 0.10518973, z: 0.26268673}
    - {x: -0.9591297, y: 0.2626854, z: 0.10519801}
    - {x: -0.9591297, y: 0.2626854, z: -0.10519801}
    - {x: -0.9591302, y: 0.10518974, z: -0.26268676}
    - {x: -0.9591302, y: -0.105189726, z: 0.26268667}
    - {x: -0.9591302, y: -0.105189726, z: -0.26268667}
    - {x: -0.95912975, y: -0.26268527, z: 0.10519794}
    - {x: -0.95912975, y: -0.26268527, z: -0.10519794}
    - {x: 0.2626656, y: -0.95913625, z: 0.1051876}
    - {x: 0.10518551, y: -0.95913595, z: 0.26266757}
    - {x: -0.10518779, y: -0.9591356, z: 0.26266786}
    - {x: -0.26266786, y: -0.9591356, z: 0.10518779}
    - {x: 0.2626656, y: -0.95913625, z: -0.1051876}
    - {x: -0.26266786, y: -0.9591356, z: -0.10518779}
    - {x: 0.10518551, y: -0.95913595, z: -0.26266757}
    - {x: -0.10518779, y: -0.9591356, z: -0.26266786}
    - {x: 0.67412305, y: 0.6741239, z: 0.30185276}
    - {x: 0.6740626, y: 0.67406714, z: 0.3021142}
    - {x: 0.9528572, y: 0.2602852, z: 0.15593185}
    - {x: 0.9863383, y: -0.011409759, z: 0.16433659}
    - {x: 0.9863383, y: -0.011409759, z: 0.16433659}
    - {x: 0.9528572, y: 0.2602852, z: 0.15593185}
    - {x: 0.9528572, y: 0.2602852, z: -0.15593185}
    - {x: 0.9863383, y: -0.011409759, z: -0.16433659}
    - {x: 0.9863383, y: -0.011409759, z: -0.16433659}
    - {x: 0.9528572, y: 0.2602852, z: -0.15593185}
    - {x: 0.6740626, y: 0.67406714, z: -0.3021142}
    - {x: 0.67412305, y: 0.6741239, z: -0.30185276}
    - {x: 0.67412305, y: 0.6741239, z: -0.30185276}
    - {x: 0.6740626, y: 0.67406714, z: -0.3021142}
    - {x: 0.2602378, y: 0.9528706, z: -0.15592937}
    - {x: -0.011433802, y: 0.9863388, z: -0.16433221}
    - {x: -0.011433802, y: 0.9863388, z: -0.16433221}
    - {x: 0.2602378, y: 0.9528706, z: -0.15592937}
    - {x: 0.2602378, y: 0.9528706, z: 0.15592937}
    - {x: -0.011433802, y: 0.9863388, z: 0.16433221}
    - {x: -0.011433802, y: 0.9863388, z: 0.16433221}
    - {x: 0.2602378, y: 0.9528706, z: 0.15592937}
    - {x: 0.6740626, y: 0.67406714, z: 0.3021142}
    - {x: 0.67412305, y: 0.6741239, z: 0.30185276}
    - {x: -0.6741096, y: 0.6741242, z: -0.30188218}
    - {x: -0.67404914, y: 0.6740675, z: -0.3021436}
    - {x: -0.9528411, y: 0.26032335, z: -0.15596683}
    - {x: -0.9863337, y: -0.011403154, z: -0.16436481}
    - {x: -0.9863337, y: -0.011403154, z: -0.16436481}
    - {x: -0.9528411, y: 0.26032335, z: -0.15596683}
    - {x: -0.9528411, y: 0.26032335, z: 0.15596683}
    - {x: -0.9863337, y: -0.011403155, z: 0.16436484}
    - {x: -0.9863337, y: -0.011403155, z: 0.16436484}
    - {x: -0.9528411, y: 0.26032335, z: 0.15596683}
    - {x: -0.67404914, y: 0.6740675, z: 0.3021436}
    - {x: -0.6741096, y: 0.6741242, z: 0.30188218}
    - {x: 0.011413638, y: 0.98633856, z: 0.16433515}
    - {x: -0.26027432, y: 0.95286006, z: 0.15593277}
    - {x: -0.26027432, y: 0.95286006, z: -0.15593277}
    - {x: 0.0114136385, y: 0.98633856, z: -0.16433516}
    - {x: 0.0114136385, y: 0.98633856, z: -0.16433516}
    - {x: -0.26027432, y: 0.95286006, z: -0.15593277}
    - {x: -0.67404914, y: 0.6740675, z: -0.3021436}
    - {x: -0.6741096, y: 0.6741242, z: -0.30188218}
    - {x: -0.6741096, y: 0.6741242, z: 0.30188218}
    - {x: -0.67404914, y: 0.6740675, z: 0.3021436}
    - {x: -0.26027432, y: 0.95286006, z: 0.15593277}
    - {x: 0.011413638, y: 0.98633856, z: 0.16433515}
    - {x: -0.98633325, y: -0.1643656, z: 0.011429236}
    - {x: -0.95285195, y: -0.15597908, z: -0.26027635}
    - {x: -0.95285195, y: 0.15597889, z: -0.26027632}
    - {x: -0.98633325, y: 0.1643655, z: 0.011429284}
    - {x: -0.98633325, y: 0.1643655, z: 0.011429284}
    - {x: -0.95285195, y: 0.15597889, z: -0.26027632}
    - {x: -0.67404526, y: 0.3022017, z: -0.67404526}
    - {x: -0.67410374, y: 0.301941, z: -0.67410374}
    - {x: -0.6741037, y: -0.3019413, z: -0.6741037}
    - {x: -0.67404526, y: -0.30220202, z: -0.67404526}
    - {x: -0.95285195, y: -0.15597908, z: -0.26027635}
    - {x: -0.98633325, y: -0.1643656, z: 0.011429236}
    - {x: -0.67410374, y: 0.301941, z: -0.67410374}
    - {x: -0.67404526, y: 0.3022017, z: -0.67404526}
    - {x: -0.26031286, y: 0.15598232, z: -0.9528414}
    - {x: 0.011409011, y: 0.16436842, z: -0.986333}
    - {x: 0.011409011, y: 0.16436842, z: -0.986333}
    - {x: -0.26031286, y: 0.15598232, z: -0.9528414}
    - {x: -0.26031286, y: -0.15598248, z: -0.9528414}
    - {x: 0.011408985, y: -0.1643685, z: -0.986333}
    - {x: 0.011408985, y: -0.1643685, z: -0.986333}
    - {x: -0.26031286, y: -0.15598248, z: -0.9528414}
    - {x: -0.67404526, y: -0.30220202, z: -0.67404526}
    - {x: -0.6741037, y: -0.3019413, z: -0.6741037}
    - {x: -0.98633325, y: 0.16436559, z: -0.011429312}
    - {x: -0.95285195, y: 0.15597902, z: 0.26027626}
    - {x: -0.95285195, y: -0.15597908, z: 0.26027635}
    - {x: -0.98633325, y: -0.16436562, z: -0.011429238}
    - {x: -0.98633325, y: -0.16436562, z: -0.011429238}
    - {x: -0.95285195, y: -0.15597908, z: 0.26027635}
    - {x: -0.67404526, y: -0.30220202, z: 0.67404526}
    - {x: -0.6741037, y: -0.3019413, z: 0.6741037}
    - {x: -0.6741037, y: 0.30194113, z: 0.6741037}
    - {x: -0.67404526, y: 0.3022018, z: 0.67404526}
    - {x: -0.95285195, y: 0.15597902, z: 0.26027626}
    - {x: -0.98633325, y: 0.16436559, z: -0.011429312}
    - {x: 0.011409071, y: -0.16436853, z: 0.986333}
    - {x: -0.26031286, y: -0.15598248, z: 0.9528414}
    - {x: -0.26031286, y: 0.15598232, z: 0.9528414}
    - {x: 0.011409132, y: 0.16436848, z: 0.986333}
    - {x: 0.011409132, y: 0.16436848, z: 0.986333}
    - {x: -0.26031286, y: 0.15598232, z: 0.9528414}
    - {x: -0.67404526, y: 0.3022018, z: 0.67404526}
    - {x: -0.6741037, y: 0.30194113, z: 0.6741037}
    - {x: -0.6741037, y: -0.3019413, z: 0.6741037}
    - {x: -0.67404526, y: -0.30220202, z: 0.67404526}
    - {x: -0.26031286, y: -0.15598248, z: 0.9528414}
    - {x: 0.011409071, y: -0.16436853, z: 0.986333}
    - {x: -0.9863337, y: 0.011403546, z: 0.16436484}
    - {x: -0.9528412, y: -0.26032275, z: 0.1559668}
    - {x: -0.9528412, y: -0.26032275, z: -0.1559668}
    - {x: -0.9863337, y: 0.011403546, z: -0.16436484}
    - {x: -0.9863337, y: 0.011403546, z: -0.16436484}
    - {x: -0.9528412, y: -0.26032275, z: -0.1559668}
    - {x: -0.6740494, y: -0.67406756, z: -0.30214292}
    - {x: -0.67410964, y: -0.6741244, z: -0.30188155}
    - {x: -0.67410964, y: -0.6741244, z: 0.30188155}
    - {x: -0.6740494, y: -0.67406756, z: 0.30214292}
    - {x: -0.9528412, y: -0.26032275, z: 0.1559668}
    - {x: -0.9863337, y: 0.011403546, z: 0.16436484}
    - {x: -0.67410964, y: -0.6741244, z: -0.30188155}
    - {x: -0.6740494, y: -0.67406756, z: -0.30214292}
    - {x: -0.26027364, y: -0.95286036, z: -0.15593198}
    - {x: 0.011413954, y: -0.98633856, z: -0.16433457}
    - {x: 0.011413954, y: -0.98633856, z: -0.16433457}
    - {x: -0.26027364, y: -0.95286036, z: -0.15593198}
    - {x: -0.26027364, y: -0.95286036, z: 0.15593198}
    - {x: 0.011413954, y: -0.98633856, z: 0.16433457}
    - {x: 0.011413954, y: -0.98633856, z: 0.16433457}
    - {x: -0.26027364, y: -0.95286036, z: 0.15593198}
    - {x: -0.6740494, y: -0.67406756, z: 0.30214292}
    - {x: -0.67410964, y: -0.6741244, z: 0.30188155}
    - {x: 0.16432093, y: -0.9863407, z: 0.011433993}
    - {x: 0.15591365, y: -0.95287365, z: -0.260236}
    - {x: -0.15594372, y: -0.9528696, z: -0.26023278}
    - {x: -0.16434076, y: -0.9863373, z: 0.011437726}
    - {x: -0.16434076, y: -0.9863373, z: 0.011437726}
    - {x: -0.15594372, y: -0.9528696, z: -0.26023278}
    - {x: -0.30215794, y: -0.67406374, z: -0.67404646}
    - {x: -0.30189657, y: -0.6741206, z: -0.6741067}
    - {x: 0.30185384, y: -0.6741307, z: -0.67411584}
    - {x: 0.30211517, y: -0.67407376, z: -0.6740556}
    - {x: 0.15591365, y: -0.95287365, z: -0.260236}
    - {x: 0.16432093, y: -0.9863407, z: 0.011433993}
    - {x: -0.16436477, y: 0.011403484, z: -0.9863337}
    - {x: -0.15596679, y: -0.26032272, z: -0.9528412}
    - {x: 0.15595187, y: -0.26032165, z: -0.952844}
    - {x: 0.16435407, y: 0.0114033185, z: -0.98633546}
    - {x: 0.16435407, y: 0.0114033185, z: -0.98633546}
    - {x: 0.15595187, y: -0.26032165, z: -0.952844}
    - {x: 0.30211517, y: -0.67407376, z: -0.6740556}
    - {x: 0.30185384, y: -0.6741307, z: -0.67411584}
    - {x: -0.30189657, y: -0.6741206, z: -0.6741067}
    - {x: -0.30215794, y: -0.67406374, z: -0.67404646}
    - {x: -0.15596679, y: -0.26032272, z: -0.9528412}
    - {x: -0.16436477, y: 0.011403484, z: -0.9863337}
    - {x: -0.16433161, y: -0.9863389, z: -0.011434127}
    - {x: -0.15592857, y: -0.9528709, z: 0.2602371}
    - {x: 0.15592879, y: -0.95287234, z: 0.26023167}
    - {x: 0.16433008, y: -0.98633903, z: -0.011437566}
    - {x: 0.16433008, y: -0.98633903, z: -0.011437566}
    - {x: 0.15592879, y: -0.95287234, z: 0.26023167}
    - {x: 0.30213016, y: -0.67406994, z: 0.67405266}
    - {x: 0.3018688, y: -0.67412686, z: 0.67411286}
    - {x: -0.30188155, y: -0.6741244, z: 0.67410964}
    - {x: -0.30214292, y: -0.67406756, z: 0.6740494}
    - {x: -0.15592857, y: -0.9528709, z: 0.2602371}
    - {x: -0.16433161, y: -0.9863389, z: -0.011434127}
    - {x: 0.16435415, y: 0.011403446, z: 0.98633546}
    - {x: 0.15595187, y: -0.26032165, z: 0.952844}
    - {x: -0.15596679, y: -0.26032272, z: 0.9528412}
    - {x: -0.16436484, y: 0.011403592, z: 0.9863337}
    - {x: -0.16436484, y: 0.011403592, z: 0.9863337}
    - {x: -0.15596679, y: -0.26032272, z: 0.9528412}
    - {x: -0.30214292, y: -0.67406756, z: 0.6740494}
    - {x: -0.30188155, y: -0.6741244, z: 0.67410964}
    - {x: 0.3018688, y: -0.67412686, z: 0.67411286}
    - {x: 0.30213016, y: -0.67406994, z: 0.67405266}
    - {x: 0.15595187, y: -0.26032165, z: 0.952844}
    - {x: 0.16435415, y: 0.011403446, z: 0.98633546}
    - {x: -0.011434114, y: -0.9863389, z: 0.16433161}
    - {x: 0.26023713, y: -0.9528709, z: 0.15592858}
    - {x: 0.26023713, y: -0.9528709, z: -0.15592858}
    - {x: -0.011434114, y: -0.9863389, z: -0.16433161}
    - {x: -0.011434114, y: -0.9863389, z: -0.16433161}
    - {x: 0.26023713, y: -0.9528709, z: -0.15592858}
    - {x: 0.6740629, y: -0.67406726, z: -0.30211347}
    - {x: 0.67412317, y: -0.6741241, z: -0.30185214}
    - {x: 0.67412317, y: -0.6741241, z: 0.30185214}
    - {x: 0.6740629, y: -0.67406726, z: 0.30211347}
    - {x: 0.26023713, y: -0.9528709, z: 0.15592858}
    - {x: -0.011434114, y: -0.9863389, z: 0.16433161}
    - {x: 0.67412317, y: -0.6741241, z: -0.30185214}
    - {x: 0.6740629, y: -0.67406726, z: -0.30211347}
    - {x: 0.9528574, y: -0.26028463, z: -0.1559318}
    - {x: 0.9863383, y: 0.011410144, z: -0.16433658}
    - {x: 0.9863383, y: 0.011410144, z: -0.16433658}
    - {x: 0.9528574, y: -0.26028463, z: -0.1559318}
    - {x: 0.9528574, y: -0.26028463, z: 0.1559318}
    - {x: 0.9863383, y: 0.011410144, z: 0.16433658}
    - {x: 0.9863383, y: 0.011410144, z: 0.16433658}
    - {x: 0.9528574, y: -0.26028463, z: 0.1559318}
    - {x: 0.6740629, y: -0.67406726, z: 0.30211347}
    - {x: 0.67412317, y: -0.6741241, z: 0.30185214}
    - {x: 0.98633784, y: -0.16433732, z: -0.011435848}
    - {x: 0.9528681, y: -0.15594403, z: 0.2602382}
    - {x: 0.9528681, y: 0.15594389, z: 0.26023817}
    - {x: 0.98633796, y: 0.16433725, z: -0.011435889}
    - {x: 0.98633796, y: 0.16433725, z: -0.011435889}
    - {x: 0.9528681, y: 0.15594389, z: 0.26023817}
    - {x: 0.67405885, y: 0.30217227, z: 0.674045}
    - {x: 0.67411727, y: 0.30191156, z: 0.6741034}
    - {x: 0.67411715, y: -0.30191183, z: 0.6741034}
    - {x: 0.67405874, y: -0.30217254, z: 0.6740449}
    - {x: 0.9528681, y: -0.15594403, z: 0.2602382}
    - {x: 0.98633784, y: -0.16433732, z: -0.011435848}
    - {x: 0.67411727, y: 0.30191156, z: 0.6741034}
    - {x: 0.67405885, y: 0.30217227, z: 0.674045}
    - {x: 0.26027632, y: 0.15597892, z: 0.95285195}
    - {x: -0.011429291, y: 0.16436554, z: 0.98633325}
    - {x: -0.011429291, y: 0.16436554, z: 0.98633325}
    - {x: 0.26027632, y: 0.15597892, z: 0.95285195}
    - {x: 0.26027635, y: -0.15597908, z: 0.95285195}
    - {x: -0.011429238, y: -0.16436562, z: 0.98633325}
    - {x: -0.011429238, y: -0.16436562, z: 0.98633325}
    - {x: 0.26027635, y: -0.15597908, z: 0.95285195}
    - {x: 0.67405874, y: -0.30217254, z: 0.6740449}
    - {x: 0.67411715, y: -0.30191183, z: 0.6741034}
    - {x: 0.98633784, y: 0.16433735, z: 0.011435888}
    - {x: 0.952868, y: 0.15594408, z: -0.26023817}
    - {x: 0.9528681, y: -0.15594403, z: -0.2602382}
    - {x: 0.98633784, y: -0.16433732, z: 0.011435848}
    - {x: 0.98633784, y: -0.16433732, z: 0.011435848}
    - {x: 0.9528681, y: -0.15594403, z: -0.2602382}
    - {x: 0.67405874, y: -0.30217254, z: -0.6740449}
    - {x: 0.67411715, y: -0.30191183, z: -0.6741034}
    - {x: 0.6741171, y: 0.30191195, z: -0.6741033}
    - {x: 0.67405874, y: 0.30217266, z: -0.6740449}
    - {x: 0.952868, y: 0.15594408, z: -0.26023817}
    - {x: 0.98633784, y: 0.16433735, z: 0.011435888}
    - {x: 0.67411715, y: -0.30191183, z: -0.6741034}
    - {x: 0.67405874, y: -0.30217254, z: -0.6740449}
    - {x: 0.26027635, y: -0.15597908, z: -0.95285195}
    - {x: -0.011429137, y: -0.16436554, z: -0.98633325}
    - {x: -0.011429137, y: -0.16436554, z: -0.98633325}
    - {x: 0.26027635, y: -0.15597908, z: -0.95285195}
    - {x: 0.26027635, y: 0.15597916, z: -0.95285195}
    - {x: -0.011429183, y: 0.16436563, z: -0.98633325}
    - {x: -0.011429183, y: 0.16436563, z: -0.98633325}
    - {x: 0.26027635, y: 0.15597916, z: -0.95285195}
    - {x: 0.67405874, y: 0.30217266, z: -0.6740449}
    - {x: 0.6741171, y: 0.30191195, z: -0.6741033}
    - {x: -0.16437404, y: -0.011399626, z: 0.9863322}
    - {x: -0.15598154, y: 0.2603298, z: 0.9528369}
    - {x: 0.15595192, y: 0.2603222, z: 0.95284384}
    - {x: 0.16435412, y: -0.011403, z: 0.98633546}
    - {x: 0.16435412, y: -0.011403, z: 0.98633546}
    - {x: 0.15595192, y: 0.2603222, z: 0.95284384}
    - {x: 0.30211586, y: 0.6740737, z: 0.67405534}
    - {x: 0.30185443, y: 0.67413044, z: 0.6741158}
    - {x: -0.3019227, y: 0.6741147, z: 0.6741009}
    - {x: -0.30218416, y: 0.67405796, z: 0.67404044}
    - {x: -0.15598154, y: 0.2603298, z: 0.9528369}
    - {x: -0.16437404, y: -0.011399626, z: 0.9863322}
    - {x: 0.1643215, y: 0.9863406, z: -0.011433647}
    - {x: 0.15591444, y: 0.95287335, z: 0.26023668}
    - {x: -0.1559592, y: 0.95286506, z: 0.26024}
    - {x: -0.16435057, y: 0.98633575, z: -0.011433861}
    - {x: -0.16435057, y: 0.98633575, z: -0.011433861}
    - {x: -0.1559592, y: 0.95286506, z: 0.26024}
    - {x: -0.30218416, y: 0.67405796, z: 0.67404044}
    - {x: -0.3019227, y: 0.6741147, z: 0.6741009}
    - {x: 0.30185443, y: 0.67413044, z: 0.6741158}
    - {x: 0.30211586, y: 0.6740737, z: 0.67405534}
    - {x: 0.15591444, y: 0.95287335, z: 0.26023668}
    - {x: 0.1643215, y: 0.9863406, z: -0.011433647}
    - {x: 0.16436327, y: -0.011399364, z: -0.986334}
    - {x: 0.15596661, y: 0.2603287, z: -0.9528396}
    - {x: -0.15596683, y: 0.26032332, z: -0.9528411}
    - {x: -0.16436478, y: -0.01140304, z: -0.9863337}
    - {x: -0.16436478, y: -0.01140304, z: -0.9863337}
    - {x: -0.15596683, y: 0.26032332, z: -0.9528411}
    - {x: -0.3021436, y: 0.6740675, z: -0.67404914}
    - {x: -0.30188218, y: 0.6741242, z: -0.6741096}
    - {x: 0.30189496, y: 0.6741209, z: -0.6741072}
    - {x: 0.3021564, y: 0.6740642, z: -0.67404675}
    - {x: 0.15596661, y: 0.2603287, z: -0.9528396}
    - {x: 0.16436327, y: -0.011399364, z: -0.986334}
    - {x: -0.16433221, y: 0.9863388, z: 0.011433802}
    - {x: -0.15592936, y: 0.9528706, z: -0.2602378}
    - {x: 0.15594426, y: 0.9528678, z: -0.2602389}
    - {x: 0.16433986, y: 0.9863375, z: 0.011433694}
    - {x: 0.16433986, y: 0.9863375, z: 0.011433694}
    - {x: 0.15594426, y: 0.9528678, z: -0.2602389}
    - {x: 0.3021564, y: 0.6740642, z: -0.67404675}
    - {x: 0.30189496, y: 0.6741209, z: -0.6741072}
    - {x: -0.30188218, y: 0.6741242, z: -0.6741096}
    - {x: -0.3021436, y: 0.6740675, z: -0.67404914}
    - {x: -0.15592936, y: 0.9528706, z: -0.2602378}
    - {x: -0.16433221, y: 0.9863388, z: 0.011433802}
    - {x: 0.16433986, y: 0.9863375, z: 0.011433694}
    - {x: 0.10518559, y: 0.95913583, z: 0.2626678}
    - {x: -0.10518791, y: 0.9591355, z: 0.26266813}
    - {x: -0.16433221, y: 0.9863388, z: 0.011433802}
    - {x: -0.16433221, y: 0.9863388, z: 0.011433802}
    - {x: -0.10518791, y: 0.9591355, z: 0.26266813}
    - {x: -0.26266813, y: 0.9591355, z: 0.10518791}
    - {x: -0.011433802, y: 0.9863388, z: 0.16433221}
    - {x: -0.011433802, y: 0.9863388, z: 0.16433221}
    - {x: -0.26266813, y: 0.9591355, z: 0.10518791}
    - {x: -0.26266813, y: 0.9591355, z: -0.10518791}
    - {x: -0.011433802, y: 0.9863388, z: -0.16433221}
    - {x: -0.011433802, y: 0.9863388, z: -0.16433221}
    - {x: -0.26266813, y: 0.9591355, z: -0.10518791}
    - {x: -0.10518791, y: 0.9591355, z: -0.26266813}
    - {x: -0.16435057, y: 0.98633575, z: -0.011433861}
    - {x: -0.16435057, y: 0.98633575, z: -0.011433861}
    - {x: -0.10518791, y: 0.9591355, z: -0.26266813}
    - {x: 0.10518559, y: 0.95913583, z: -0.2626678}
    - {x: 0.1643215, y: 0.9863406, z: -0.011433647}
    - {x: 0.1643215, y: 0.9863406, z: -0.011433647}
    - {x: 0.10518559, y: 0.95913583, z: -0.2626678}
    - {x: 0.2626658, y: 0.9591362, z: -0.105187684}
    - {x: 0.0114136385, y: 0.98633856, z: -0.16433516}
    - {x: 0.0114136385, y: 0.98633856, z: -0.16433516}
    - {x: 0.2626658, y: 0.9591362, z: -0.105187684}
    - {x: 0.2626658, y: 0.9591362, z: 0.105187684}
    - {x: 0.011413638, y: 0.98633856, z: 0.16433515}
    - {x: 0.011413638, y: 0.98633856, z: 0.16433515}
    - {x: 0.2626658, y: 0.9591362, z: 0.105187684}
    - {x: 0.10518559, y: 0.95913583, z: 0.2626678}
    - {x: 0.16433986, y: 0.9863375, z: 0.011433694}
    - {x: -0.16436478, y: -0.01140304, z: -0.9863337}
    - {x: -0.10519787, y: -0.26268506, z: -0.9591298}
    - {x: 0.10519557, y: -0.2626847, z: -0.9591301}
    - {x: 0.16436327, y: -0.011399364, z: -0.986334}
    - {x: 0.16436327, y: -0.011399364, z: -0.986334}
    - {x: 0.10519557, y: -0.2626847, z: -0.9591301}
    - {x: 0.26268423, y: -0.10518944, z: -0.95913094}
    - {x: 0.011408985, y: -0.1643685, z: -0.986333}
    - {x: 0.011408985, y: -0.1643685, z: -0.986333}
    - {x: 0.26268423, y: -0.10518944, z: -0.95913094}
    - {x: 0.2626843, y: 0.10518947, z: -0.95913094}
    - {x: 0.011409011, y: 0.16436842, z: -0.986333}
    - {x: 0.011409011, y: 0.16436842, z: -0.986333}
    - {x: 0.2626843, y: 0.10518947, z: -0.95913094}
    - {x: 0.10519561, y: 0.2626849, z: -0.95913005}
    - {x: 0.16435407, y: 0.0114033185, z: -0.98633546}
    - {x: 0.16435407, y: 0.0114033185, z: -0.98633546}
    - {x: 0.10519561, y: 0.2626849, z: -0.95913005}
    - {x: -0.10519794, y: 0.26268524, z: -0.9591297}
    - {x: -0.16436477, y: 0.011403484, z: -0.9863337}
    - {x: -0.16436477, y: 0.011403484, z: -0.9863337}
    - {x: -0.10519794, y: 0.26268524, z: -0.9591297}
    - {x: -0.2626866, y: 0.10518969, z: -0.9591303}
    - {x: -0.011429183, y: 0.16436563, z: -0.98633325}
    - {x: -0.011429183, y: 0.16436563, z: -0.98633325}
    - {x: -0.2626866, y: 0.10518969, z: -0.9591303}
    - {x: -0.26268655, y: -0.105189644, z: -0.9591303}
    - {x: -0.011429137, y: -0.16436554, z: -0.98633325}
    - {x: -0.011429137, y: -0.16436554, z: -0.98633325}
    - {x: -0.26268655, y: -0.105189644, z: -0.9591303}
    - {x: -0.10519787, y: -0.26268506, z: -0.9591298}
    - {x: -0.16436478, y: -0.01140304, z: -0.9863337}
    - {x: 0.98633784, y: -0.16433732, z: 0.011435848}
    - {x: 0.9591363, y: -0.10518201, z: 0.26266775}
    - {x: 0.9591363, y: 0.105182014, z: 0.2626678}
    - {x: 0.98633784, y: 0.16433735, z: 0.011435888}
    - {x: 0.98633784, y: 0.16433735, z: 0.011435888}
    - {x: 0.9591363, y: 0.105182014, z: 0.2626678}
    - {x: 0.9591357, y: 0.26266643, z: 0.10519029}
    - {x: 0.9863383, y: 0.011410144, z: 0.16433658}
    - {x: 0.9863383, y: 0.011410144, z: 0.16433658}
    - {x: 0.9591357, y: 0.26266643, z: 0.10519029}
    - {x: 0.9591357, y: 0.26266643, z: -0.10519029}
    - {x: 0.9863383, y: 0.011410144, z: -0.16433658}
    - {x: 0.9863383, y: 0.011410144, z: -0.16433658}
    - {x: 0.9591357, y: 0.26266643, z: -0.10519029}
    - {x: 0.9591363, y: 0.10518202, z: -0.26266783}
    - {x: 0.98633796, y: 0.16433725, z: -0.011435889}
    - {x: 0.98633796, y: 0.16433725, z: -0.011435889}
    - {x: 0.9591363, y: 0.10518202, z: -0.26266783}
    - {x: 0.9591363, y: -0.10518201, z: -0.26266775}
    - {x: 0.98633784, y: -0.16433732, z: -0.011435848}
    - {x: 0.98633784, y: -0.16433732, z: -0.011435848}
    - {x: 0.9591363, y: -0.10518201, z: -0.26266775}
    - {x: 0.9591358, y: -0.26266629, z: -0.105190225}
    - {x: 0.9863383, y: -0.011409759, z: -0.16433659}
    - {x: 0.9863383, y: -0.011409759, z: -0.16433659}
    - {x: 0.9591358, y: -0.26266629, z: -0.105190225}
    - {x: 0.9591358, y: -0.26266629, z: 0.105190225}
    - {x: 0.9863383, y: -0.011409759, z: 0.16433659}
    - {x: 0.9863383, y: -0.011409759, z: 0.16433659}
    - {x: 0.9591358, y: -0.26266629, z: 0.105190225}
    - {x: 0.9591363, y: -0.10518201, z: 0.26266775}
    - {x: 0.98633784, y: -0.16433732, z: 0.011435848}
    - {x: 0.16435412, y: -0.011403, z: 0.98633546}
    - {x: 0.10519561, y: -0.2626849, z: 0.95913005}
    - {x: -0.10519794, y: -0.26268527, z: 0.95912975}
    - {x: -0.16437404, y: -0.011399626, z: 0.9863322}
    - {x: -0.16437404, y: -0.011399626, z: 0.9863322}
    - {x: -0.10519794, y: -0.26268527, z: 0.95912975}
    - {x: -0.26268667, y: -0.105189726, z: 0.9591302}
    - {x: -0.011429238, y: -0.16436562, z: 0.98633325}
    - {x: -0.011429238, y: -0.16436562, z: 0.98633325}
    - {x: -0.26268667, y: -0.105189726, z: 0.9591302}
    - {x: -0.2626868, y: 0.10518976, z: 0.9591302}
    - {x: -0.011429291, y: 0.16436554, z: 0.98633325}
    - {x: -0.011429291, y: 0.16436554, z: 0.98633325}
    - {x: -0.2626868, y: 0.10518976, z: 0.9591302}
    - {x: -0.10519802, y: 0.26268545, z: 0.9591297}
    - {x: -0.16436484, y: 0.011403592, z: 0.9863337}
    - {x: -0.16436484, y: 0.011403592, z: 0.9863337}
    - {x: -0.10519802, y: 0.26268545, z: 0.9591297}
    - {x: 0.105195716, y: 0.26268515, z: 0.95913005}
    - {x: 0.16435415, y: 0.011403446, z: 0.98633546}
    - {x: 0.16435415, y: 0.011403446, z: 0.98633546}
    - {x: 0.105195716, y: 0.26268515, z: 0.95913005}
    - {x: 0.26268446, y: 0.10518956, z: 0.9591309}
    - {x: 0.011409132, y: 0.16436848, z: 0.986333}
    - {x: 0.011409132, y: 0.16436848, z: 0.986333}
    - {x: 0.26268446, y: 0.10518956, z: 0.9591309}
    - {x: 0.26268435, y: -0.1051895, z: 0.9591309}
    - {x: 0.011409071, y: -0.16436853, z: 0.986333}
    - {x: 0.011409071, y: -0.16436853, z: 0.986333}
    - {x: 0.26268435, y: -0.1051895, z: 0.9591309}
    - {x: 0.10519561, y: -0.2626849, z: 0.95913005}
    - {x: 0.16435412, y: -0.011403, z: 0.98633546}
    - {x: -0.9863337, y: 0.011403546, z: -0.16436484}
    - {x: -0.9591297, y: 0.2626854, z: -0.10519801}
    - {x: -0.9591297, y: 0.2626854, z: 0.10519801}
    - {x: -0.9863337, y: 0.011403546, z: 0.16436484}
    - {x: -0.9863337, y: 0.011403546, z: 0.16436484}
    - {x: -0.9591297, y: 0.2626854, z: 0.10519801}
    - {x: -0.9591302, y: 0.10518973, z: 0.26268673}
    - {x: -0.98633325, y: 0.1643655, z: 0.011429284}
    - {x: -0.98633325, y: 0.1643655, z: 0.011429284}
    - {x: -0.9591302, y: 0.10518973, z: 0.26268673}
    - {x: -0.9591302, y: -0.105189726, z: 0.26268667}
    - {x: -0.98633325, y: -0.1643656, z: 0.011429236}
    - {x: -0.98633325, y: -0.1643656, z: 0.011429236}
    - {x: -0.9591302, y: -0.105189726, z: 0.26268667}
    - {x: -0.95912975, y: -0.26268527, z: 0.10519794}
    - {x: -0.9863337, y: -0.011403155, z: 0.16436484}
    - {x: -0.9863337, y: -0.011403155, z: 0.16436484}
    - {x: -0.95912975, y: -0.26268527, z: 0.10519794}
    - {x: -0.95912975, y: -0.26268527, z: -0.10519794}
    - {x: -0.9863337, y: -0.011403154, z: -0.16436481}
    - {x: -0.9863337, y: -0.011403154, z: -0.16436481}
    - {x: -0.95912975, y: -0.26268527, z: -0.10519794}
    - {x: -0.9591302, y: -0.105189726, z: -0.26268667}
    - {x: -0.98633325, y: -0.16436562, z: -0.011429238}
    - {x: -0.98633325, y: -0.16436562, z: -0.011429238}
    - {x: -0.9591302, y: -0.105189726, z: -0.26268667}
    - {x: -0.9591302, y: 0.10518974, z: -0.26268676}
    - {x: -0.98633325, y: 0.16436559, z: -0.011429312}
    - {x: -0.98633325, y: 0.16436559, z: -0.011429312}
    - {x: -0.9591302, y: 0.10518974, z: -0.26268676}
    - {x: -0.9591297, y: 0.2626854, z: -0.10519801}
    - {x: -0.9863337, y: 0.011403546, z: -0.16436484}
    - {x: -0.011434114, y: -0.9863389, z: -0.16433161}
    - {x: -0.26266786, y: -0.9591356, z: -0.10518779}
    - {x: -0.26266786, y: -0.9591356, z: 0.10518779}
    - {x: -0.011434114, y: -0.9863389, z: 0.16433161}
    - {x: -0.011434114, y: -0.9863389, z: 0.16433161}
    - {x: -0.26266786, y: -0.9591356, z: 0.10518779}
    - {x: -0.10518779, y: -0.9591356, z: 0.26266786}
    - {x: -0.16434076, y: -0.9863373, z: 0.011437726}
    - {x: -0.16434076, y: -0.9863373, z: 0.011437726}
    - {x: -0.10518779, y: -0.9591356, z: 0.26266786}
    - {x: 0.10518551, y: -0.95913595, z: 0.26266757}
    - {x: 0.16432093, y: -0.9863407, z: 0.011433993}
    - {x: 0.16432093, y: -0.9863407, z: 0.011433993}
    - {x: 0.10518551, y: -0.95913595, z: 0.26266757}
    - {x: 0.2626656, y: -0.95913625, z: 0.1051876}
    - {x: 0.011413954, y: -0.98633856, z: 0.16433457}
    - {x: 0.011413954, y: -0.98633856, z: 0.16433457}
    - {x: 0.2626656, y: -0.95913625, z: 0.1051876}
    - {x: 0.2626656, y: -0.95913625, z: -0.1051876}
    - {x: 0.011413954, y: -0.98633856, z: -0.16433457}
    - {x: 0.011413954, y: -0.98633856, z: -0.16433457}
    - {x: 0.2626656, y: -0.95913625, z: -0.1051876}
    - {x: 0.10518551, y: -0.95913595, z: -0.26266757}
    - {x: 0.16433008, y: -0.98633903, z: -0.011437566}
    - {x: 0.16433008, y: -0.98633903, z: -0.011437566}
    - {x: 0.10518551, y: -0.95913595, z: -0.26266757}
    - {x: -0.10518779, y: -0.9591356, z: -0.26266786}
    - {x: -0.16433161, y: -0.9863389, z: -0.011434127}
    - {x: -0.16433161, y: -0.9863389, z: -0.011434127}
    - {x: -0.10518779, y: -0.9591356, z: -0.26266786}
    - {x: -0.26266786, y: -0.9591356, z: -0.10518779}
    - {x: -0.011434114, y: -0.9863389, z: -0.16433161}
--- !u!1001 &8478863548739291247
PrefabInstance:
  m_ObjectHideFlags: 0
  serializedVersion: 2
  m_Modification:
    m_TransformParent: {fileID: 8478863550806477234}
    m_Modifications:
    - target: {fileID: 1475980397980410, guid: abc342a947c02fe42b97460526b073e4, type: 3}
      propertyPath: m_Name
      value: SM_Prop_Crate_03
      objectReference: {fileID: 0}
    - target: {fileID: 4599918362746938, guid: abc342a947c02fe42b97460526b073e4, type: 3}
      propertyPath: m_LocalPosition.x
      value: 0
      objectReference: {fileID: 0}
    - target: {fileID: 4599918362746938, guid: abc342a947c02fe42b97460526b073e4, type: 3}
      propertyPath: m_LocalPosition.y
      value: 0
      objectReference: {fileID: 0}
    - target: {fileID: 4599918362746938, guid: abc342a947c02fe42b97460526b073e4, type: 3}
      propertyPath: m_LocalPosition.z
      value: 0
      objectReference: {fileID: 0}
    - target: {fileID: 4599918362746938, guid: abc342a947c02fe42b97460526b073e4, type: 3}
      propertyPath: m_LocalRotation.x
      value: -0
      objectReference: {fileID: 0}
    - target: {fileID: 4599918362746938, guid: abc342a947c02fe42b97460526b073e4, type: 3}
      propertyPath: m_LocalRotation.y
      value: -0
      objectReference: {fileID: 0}
    - target: {fileID: 4599918362746938, guid: abc342a947c02fe42b97460526b073e4, type: 3}
      propertyPath: m_LocalRotation.z
      value: -0
      objectReference: {fileID: 0}
    - target: {fileID: 4599918362746938, guid: abc342a947c02fe42b97460526b073e4, type: 3}
      propertyPath: m_LocalRotation.w
      value: 1
      objectReference: {fileID: 0}
    - target: {fileID: 4599918362746938, guid: abc342a947c02fe42b97460526b073e4, type: 3}
      propertyPath: m_RootOrder
      value: 0
      objectReference: {fileID: 0}
    - target: {fileID: 4599918362746938, guid: abc342a947c02fe42b97460526b073e4, type: 3}
      propertyPath: m_LocalEulerAnglesHint.x
      value: 0
      objectReference: {fileID: 0}
    - target: {fileID: 4599918362746938, guid: abc342a947c02fe42b97460526b073e4, type: 3}
      propertyPath: m_LocalEulerAnglesHint.y
      value: 0
      objectReference: {fileID: 0}
    - target: {fileID: 4599918362746938, guid: abc342a947c02fe42b97460526b073e4, type: 3}
      propertyPath: m_LocalEulerAnglesHint.z
      value: 0
      objectReference: {fileID: 0}
    - target: {fileID: 23830825126593548, guid: abc342a947c02fe42b97460526b073e4,
        type: 3}
      propertyPath: m_Materials.Array.data[0]
      value: 
      objectReference: {fileID: 2100000, guid: 428715feb36d2e34aba96a88455ede41, type: 2}
    m_RemovedComponents: []
  m_SourcePrefab: {fileID: 100100000, guid: abc342a947c02fe42b97460526b073e4, type: 3}
--- !u!1 &8480215550575518357 stripped
GameObject:
  m_CorrespondingSourceObject: {fileID: 1475980397980410, guid: abc342a947c02fe42b97460526b073e4,
    type: 3}
  m_PrefabInstance: {fileID: 8478863548739291247}
  m_PrefabAsset: {fileID: 0}
--- !u!4 &8483285127174875221 stripped
Transform:
  m_CorrespondingSourceObject: {fileID: 4599918362746938, guid: abc342a947c02fe42b97460526b073e4,
    type: 3}
  m_PrefabInstance: {fileID: 8478863548739291247}
  m_PrefabAsset: {fileID: 0}
