%YAML 1.1
%TAG !u! tag:unity3d.com,2011:
--- !u!1 &6588215634765075086
GameObject:
  m_ObjectHideFlags: 0
  m_CorrespondingSourceObject: {fileID: 0}
  m_PrefabInstance: {fileID: 0}
  m_PrefabAsset: {fileID: 0}
  serializedVersion: 6
  m_Component:
  - component: {fileID: 6588215634765075087}
  - component: {fileID: 6588215634765075084}
  m_Layer: 0
  m_Name: Pun2Manager
  m_TagString: Untagged
  m_Icon: {fileID: 0}
  m_NavMeshLayer: 0
  m_StaticEditorFlags: 0
  m_IsActive: 1
--- !u!4 &6588215634765075087
Transform:
  m_ObjectHideFlags: 0
  m_CorrespondingSourceObject: {fileID: 0}
  m_PrefabInstance: {fileID: 0}
  m_PrefabAsset: {fileID: 0}
  m_GameObject: {fileID: 6588215634765075086}
  m_LocalRotation: {x: 0, y: 0, z: 0, w: 1}
  m_LocalPosition: {x: -3.9898243, y: 2.0502243, z: -0.45082188}
  m_LocalScale: {x: 1, y: 1, z: 1}
  m_Children:
  - {fileID: 910783375997184147}
  - {fileID: 6588215635380590308}
  - {fileID: 4651341354439774754}
  m_Father: {fileID: 0}
  m_RootOrder: 0
  m_LocalEulerAnglesHint: {x: 0, y: 0, z: 0}
--- !u!114 &6588215634765075084
MonoBehaviour:
  m_ObjectHideFlags: 0
  m_CorrespondingSourceObject: {fileID: 0}
  m_PrefabInstance: {fileID: 0}
  m_PrefabAsset: {fileID: 0}
  m_GameObject: {fileID: 6588215634765075086}
  m_Enabled: 1
  m_EditorHideFlags: 0
  m_Script: {fileID: 11500000, guid: bf8ccc52126554344828fae0a0fa0153, type: 3}
  m_Name: 
  m_EditorClassIdentifier: 
--- !u!1001 &4691438483697123173
PrefabInstance:
  m_ObjectHideFlags: 0
  serializedVersion: 2
  m_Modification:
    m_TransformParent: {fileID: 6588215634765075087}
    m_Modifications:
    - target: {fileID: 114758368176549190, guid: d9c3a7208180f1d40b993b8a2ce578a5,
        type: 3}
      propertyPath: m_Name
      value: VoiceChannel
      objectReference: {fileID: 0}
    - target: {fileID: 114758368176549191, guid: d9c3a7208180f1d40b993b8a2ce578a5,
        type: 3}
      propertyPath: m_RootOrder
      value: 2
      objectReference: {fileID: 0}
    - target: {fileID: 114758368176549191, guid: d9c3a7208180f1d40b993b8a2ce578a5,
        type: 3}
      propertyPath: m_LocalPosition.x
      value: 0
      objectReference: {fileID: 0}
    - target: {fileID: 114758368176549191, guid: d9c3a7208180f1d40b993b8a2ce578a5,
        type: 3}
      propertyPath: m_LocalPosition.y
      value: 0
      objectReference: {fileID: 0}
    - target: {fileID: 114758368176549191, guid: d9c3a7208180f1d40b993b8a2ce578a5,
        type: 3}
      propertyPath: m_LocalPosition.z
      value: 0
      objectReference: {fileID: 0}
    - target: {fileID: 114758368176549191, guid: d9c3a7208180f1d40b993b8a2ce578a5,
        type: 3}
      propertyPath: m_LocalRotation.w
      value: 1
      objectReference: {fileID: 0}
    - target: {fileID: 114758368176549191, guid: d9c3a7208180f1d40b993b8a2ce578a5,
        type: 3}
      propertyPath: m_LocalRotation.x
      value: 0
      objectReference: {fileID: 0}
    - target: {fileID: 114758368176549191, guid: d9c3a7208180f1d40b993b8a2ce578a5,
        type: 3}
      propertyPath: m_LocalRotation.y
      value: 0
      objectReference: {fileID: 0}
    - target: {fileID: 114758368176549191, guid: d9c3a7208180f1d40b993b8a2ce578a5,
        type: 3}
      propertyPath: m_LocalRotation.z
      value: 0
      objectReference: {fileID: 0}
    - target: {fileID: 114758368176549191, guid: d9c3a7208180f1d40b993b8a2ce578a5,
        type: 3}
      propertyPath: m_LocalEulerAnglesHint.x
      value: 0
      objectReference: {fileID: 0}
    - target: {fileID: 114758368176549191, guid: d9c3a7208180f1d40b993b8a2ce578a5,
        type: 3}
      propertyPath: m_LocalEulerAnglesHint.y
      value: 0
      objectReference: {fileID: 0}
    - target: {fileID: 114758368176549191, guid: d9c3a7208180f1d40b993b8a2ce578a5,
        type: 3}
      propertyPath: m_LocalEulerAnglesHint.z
      value: 0
      objectReference: {fileID: 0}
    m_RemovedComponents: []
  m_SourcePrefab: {fileID: 100100000, guid: d9c3a7208180f1d40b993b8a2ce578a5, type: 3}
--- !u!4 &4651341354439774754 stripped
Transform:
  m_CorrespondingSourceObject: {fileID: 114758368176549191, guid: d9c3a7208180f1d40b993b8a2ce578a5,
    type: 3}
  m_PrefabInstance: {fileID: 4691438483697123173}
  m_PrefabAsset: {fileID: 0}
--- !u!1001 &6588215634448155799
PrefabInstance:
  m_ObjectHideFlags: 0
  serializedVersion: 2
  m_Modification:
    m_TransformParent: {fileID: 6588215634765075087}
    m_Modifications:
    - target: {fileID: 6326936875260396572, guid: 74e174025433cff449739ec918edb9ad,
        type: 3}
      propertyPath: m_IsActive
      value: 0
      objectReference: {fileID: 0}
    - target: {fileID: 6326936875260396771, guid: 74e174025433cff449739ec918edb9ad,
        type: 3}
      propertyPath: m_AnchorMax.y
      value: 0
      objectReference: {fileID: 0}
    - target: {fileID: 6326936875260396771, guid: 74e174025433cff449739ec918edb9ad,
        type: 3}
      propertyPath: m_AnchorMin.y
      value: 0
      objectReference: {fileID: 0}
    - target: {fileID: 6326936875260396771, guid: 74e174025433cff449739ec918edb9ad,
        type: 3}
      propertyPath: m_AnchoredPosition.x
      value: 0
      objectReference: {fileID: 0}
    - target: {fileID: 6326936875260396771, guid: 74e174025433cff449739ec918edb9ad,
        type: 3}
      propertyPath: m_AnchoredPosition.y
      value: 0
      objectReference: {fileID: 0}
    - target: {fileID: 6326936875571040444, guid: 74e174025433cff449739ec918edb9ad,
        type: 3}
      propertyPath: m_SortingOrder
      value: 10
      objectReference: {fileID: 0}
    - target: {fileID: 6326936875571040445, guid: 74e174025433cff449739ec918edb9ad,
        type: 3}
      propertyPath: m_ReferencePixelsPerUnit
      value: 50
      objectReference: {fileID: 0}
    - target: {fileID: 6326936875614448644, guid: 74e174025433cff449739ec918edb9ad,
        type: 3}
      propertyPath: m_RootOrder
      value: 0
      objectReference: {fileID: 0}
    - target: {fileID: 6326936875614448644, guid: 74e174025433cff449739ec918edb9ad,
        type: 3}
      propertyPath: m_LocalPosition.x
      value: 3.9898243
      objectReference: {fileID: 0}
    - target: {fileID: 6326936875614448644, guid: 74e174025433cff449739ec918edb9ad,
        type: 3}
      propertyPath: m_LocalPosition.y
      value: -2.0502243
      objectReference: {fileID: 0}
    - target: {fileID: 6326936875614448644, guid: 74e174025433cff449739ec918edb9ad,
        type: 3}
      propertyPath: m_LocalPosition.z
      value: 0.45082188
      objectReference: {fileID: 0}
    - target: {fileID: 6326936875614448644, guid: 74e174025433cff449739ec918edb9ad,
        type: 3}
      propertyPath: m_LocalRotation.w
      value: 1
      objectReference: {fileID: 0}
    - target: {fileID: 6326936875614448644, guid: 74e174025433cff449739ec918edb9ad,
        type: 3}
      propertyPath: m_LocalRotation.x
      value: -0
      objectReference: {fileID: 0}
    - target: {fileID: 6326936875614448644, guid: 74e174025433cff449739ec918edb9ad,
        type: 3}
      propertyPath: m_LocalRotation.y
      value: -0
      objectReference: {fileID: 0}
    - target: {fileID: 6326936875614448644, guid: 74e174025433cff449739ec918edb9ad,
        type: 3}
      propertyPath: m_LocalRotation.z
      value: -0
      objectReference: {fileID: 0}
    - target: {fileID: 6326936875614448644, guid: 74e174025433cff449739ec918edb9ad,
        type: 3}
      propertyPath: m_LocalEulerAnglesHint.x
      value: 0
      objectReference: {fileID: 0}
    - target: {fileID: 6326936875614448644, guid: 74e174025433cff449739ec918edb9ad,
        type: 3}
      propertyPath: m_LocalEulerAnglesHint.y
      value: 0
      objectReference: {fileID: 0}
    - target: {fileID: 6326936875614448644, guid: 74e174025433cff449739ec918edb9ad,
        type: 3}
      propertyPath: m_LocalEulerAnglesHint.z
      value: 0
      objectReference: {fileID: 0}
    - target: {fileID: 6326936875614448645, guid: 74e174025433cff449739ec918edb9ad,
        type: 3}
      propertyPath: m_Name
      value: CountdownManager
      objectReference: {fileID: 0}
    - target: {fileID: 6326936875614448645, guid: 74e174025433cff449739ec918edb9ad,
        type: 3}
      propertyPath: m_IsActive
      value: 1
      objectReference: {fileID: 0}
    - target: {fileID: 6326936875614448650, guid: 74e174025433cff449739ec918edb9ad,
        type: 3}
      propertyPath: viewIdField
      value: 0
      objectReference: {fileID: 0}
    - target: {fileID: 6326936875614448651, guid: 74e174025433cff449739ec918edb9ad,
        type: 3}
      propertyPath: startSeconds
      value: 1800
      objectReference: {fileID: 0}
    - target: {fileID: 6326936875888907000, guid: 74e174025433cff449739ec918edb9ad,
        type: 3}
      propertyPath: m_textAlignment
      value: 65535
      objectReference: {fileID: 0}
    - target: {fileID: 6326936875888907000, guid: 74e174025433cff449739ec918edb9ad,
        type: 3}
      propertyPath: m_TextStyleHashCode
      value: -1183493901
      objectReference: {fileID: 0}
    - target: {fileID: 6326936875888907000, guid: 74e174025433cff449739ec918edb9ad,
        type: 3}
      propertyPath: m_VerticalAlignment
      value: 512
      objectReference: {fileID: 0}
    - target: {fileID: 6326936875888907000, guid: 74e174025433cff449739ec918edb9ad,
        type: 3}
      propertyPath: m_HorizontalAlignment
      value: 2
      objectReference: {fileID: 0}
    - target: {fileID: 6326936875888907001, guid: 74e174025433cff449739ec918edb9ad,
        type: 3}
      propertyPath: m_AnchorMax.y
      value: 0
      objectReference: {fileID: 0}
    - target: {fileID: 6326936875888907001, guid: 74e174025433cff449739ec918edb9ad,
        type: 3}
      propertyPath: m_AnchorMin.y
      value: 0
      objectReference: {fileID: 0}
    - target: {fileID: 6326936875888907001, guid: 74e174025433cff449739ec918edb9ad,
        type: 3}
      propertyPath: m_AnchoredPosition.x
      value: 0
      objectReference: {fileID: 0}
    - target: {fileID: 6326936875888907001, guid: 74e174025433cff449739ec918edb9ad,
        type: 3}
      propertyPath: m_AnchoredPosition.y
      value: 0
      objectReference: {fileID: 0}
    - target: {fileID: 6326936876631857236, guid: 74e174025433cff449739ec918edb9ad,
        type: 3}
      propertyPath: m_SizeDelta.x
      value: 0
      objectReference: {fileID: 0}
    - target: {fileID: 6326936876631857236, guid: 74e174025433cff449739ec918edb9ad,
        type: 3}
      propertyPath: m_SizeDelta.y
      value: 0
      objectReference: {fileID: 0}
    - target: {fileID: 6326936876631857236, guid: 74e174025433cff449739ec918edb9ad,
        type: 3}
      propertyPath: m_AnchoredPosition.y
      value: -17
      objectReference: {fileID: 0}
    m_RemovedComponents: []
  m_SourcePrefab: {fileID: 100100000, guid: 74e174025433cff449739ec918edb9ad, type: 3}
--- !u!4 &910783375997184147 stripped
Transform:
  m_CorrespondingSourceObject: {fileID: 6326936875614448644, guid: 74e174025433cff449739ec918edb9ad,
    type: 3}
  m_PrefabInstance: {fileID: 6588215634448155799}
  m_PrefabAsset: {fileID: 0}
--- !u!1001 &8061676697605532969
PrefabInstance:
  m_ObjectHideFlags: 0
  serializedVersion: 2
  m_Modification:
    m_TransformParent: {fileID: 6588215634765075087}
    m_Modifications:
    - target: {fileID: 3787209564338437064, guid: 81acae1212902f447a3b097c21c6f601,
        type: 3}
      propertyPath: m_Name
      value: AnnouncementManager
      objectReference: {fileID: 0}
    - target: {fileID: 3787209564338437069, guid: 81acae1212902f447a3b097c21c6f601,
        type: 3}
      propertyPath: m_RootOrder
      value: 1
      objectReference: {fileID: 0}
    - target: {fileID: 3787209564338437069, guid: 81acae1212902f447a3b097c21c6f601,
        type: 3}
      propertyPath: m_LocalPosition.x
      value: 3.9898243
      objectReference: {fileID: 0}
    - target: {fileID: 3787209564338437069, guid: 81acae1212902f447a3b097c21c6f601,
        type: 3}
      propertyPath: m_LocalPosition.y
      value: -2.0502243
      objectReference: {fileID: 0}
    - target: {fileID: 3787209564338437069, guid: 81acae1212902f447a3b097c21c6f601,
        type: 3}
      propertyPath: m_LocalPosition.z
      value: 0.45082188
      objectReference: {fileID: 0}
    - target: {fileID: 3787209564338437069, guid: 81acae1212902f447a3b097c21c6f601,
        type: 3}
      propertyPath: m_LocalRotation.w
      value: 1
      objectReference: {fileID: 0}
    - target: {fileID: 3787209564338437069, guid: 81acae1212902f447a3b097c21c6f601,
        type: 3}
      propertyPath: m_LocalRotation.x
      value: -0
      objectReference: {fileID: 0}
    - target: {fileID: 3787209564338437069, guid: 81acae1212902f447a3b097c21c6f601,
        type: 3}
      propertyPath: m_LocalRotation.y
      value: -0
      objectReference: {fileID: 0}
    - target: {fileID: 3787209564338437069, guid: 81acae1212902f447a3b097c21c6f601,
        type: 3}
      propertyPath: m_LocalRotation.z
      value: -0
      objectReference: {fileID: 0}
    - target: {fileID: 3787209564338437069, guid: 81acae1212902f447a3b097c21c6f601,
        type: 3}
      propertyPath: m_LocalEulerAnglesHint.x
      value: 0
      objectReference: {fileID: 0}
    - target: {fileID: 3787209564338437069, guid: 81acae1212902f447a3b097c21c6f601,
        type: 3}
      propertyPath: m_LocalEulerAnglesHint.y
      value: 0
      objectReference: {fileID: 0}
    - target: {fileID: 3787209564338437069, guid: 81acae1212902f447a3b097c21c6f601,
        type: 3}
      propertyPath: m_LocalEulerAnglesHint.z
      value: 0
      objectReference: {fileID: 0}
    m_RemovedComponents: []
  m_SourcePrefab: {fileID: 100100000, guid: 81acae1212902f447a3b097c21c6f601, type: 3}
--- !u!4 &6588215635380590308 stripped
Transform:
  m_CorrespondingSourceObject: {fileID: 3787209564338437069, guid: 81acae1212902f447a3b097c21c6f601,
    type: 3}
  m_PrefabInstance: {fileID: 8061676697605532969}
  m_PrefabAsset: {fileID: 0}
