%YAML 1.1
%TAG !u! tag:unity3d.com,2011:
--- !u!1 &118268059971974697
GameObject:
  m_ObjectHideFlags: 0
  m_CorrespondingSourceObject: {fileID: 0}
  m_PrefabInstance: {fileID: 0}
  m_PrefabAsset: {fileID: 0}
  serializedVersion: 6
  m_Component:
  - component: {fileID: 5075123244855951233}
  - component: {fileID: 8547546404088395606}
  - component: {fileID: 9147914328362990219}
  - component: {fileID: 7719272906996179072}
  m_Layer: 0
  m_Name: Stand_9_Table_1 (1)
  m_TagString: Untagged
  m_Icon: {fileID: 0}
  m_NavMeshLayer: 0
  m_StaticEditorFlags: 4294967295
  m_IsActive: 1
--- !u!4 &5075123244855951233
Transform:
  m_ObjectHideFlags: 0
  m_CorrespondingSourceObject: {fileID: 0}
  m_PrefabInstance: {fileID: 0}
  m_PrefabAsset: {fileID: 0}
  m_GameObject: {fileID: 118268059971974697}
  m_LocalRotation: {x: 0, y: -0, z: -0, w: 1}
  m_LocalPosition: {x: 1.85, y: 0.049548455, z: -2.32}
  m_LocalScale: {x: 1, y: 1, z: 1}
  m_Children: []
  m_Father: {fileID: 3922161095212838545}
  m_RootOrder: 6
  m_LocalEulerAnglesHint: {x: 0, y: 0, z: 0}
--- !u!33 &8547546404088395606
MeshFilter:
  m_ObjectHideFlags: 0
  m_CorrespondingSourceObject: {fileID: 0}
  m_PrefabInstance: {fileID: 0}
  m_PrefabAsset: {fileID: 0}
  m_GameObject: {fileID: 118268059971974697}
  m_Mesh: {fileID: -1618436159036957830, guid: c871ed1b848b2474ba10608df45fb896, type: 3}
--- !u!23 &9147914328362990219
MeshRenderer:
  m_ObjectHideFlags: 0
  m_CorrespondingSourceObject: {fileID: 0}
  m_PrefabInstance: {fileID: 0}
  m_PrefabAsset: {fileID: 0}
  m_GameObject: {fileID: 118268059971974697}
  m_Enabled: 1
  m_CastShadows: 1
  m_ReceiveShadows: 1
  m_DynamicOccludee: 1
  m_MotionVectors: 1
  m_LightProbeUsage: 1
  m_ReflectionProbeUsage: 1
  m_RayTracingMode: 2
  m_RenderingLayerMask: 1
  m_RendererPriority: 0
  m_Materials:
  - {fileID: 2100000, guid: 5cdb926466f5efb468b1e3153f73ce8c, type: 2}
  - {fileID: 2100000, guid: 6fcfab2364e19ba4099a4d9fea022427, type: 2}
  m_StaticBatchInfo:
    firstSubMesh: 0
    subMeshCount: 0
  m_StaticBatchRoot: {fileID: 0}
  m_ProbeAnchor: {fileID: 0}
  m_LightProbeVolumeOverride: {fileID: 0}
  m_ScaleInLightmap: 1
  m_ReceiveGI: 1
  m_PreserveUVs: 0
  m_IgnoreNormalsForChartDetection: 0
  m_ImportantGI: 0
  m_StitchLightmapSeams: 1
  m_SelectedEditorRenderState: 3
  m_MinimumChartSize: 4
  m_AutoUVMaxDistance: 0.5
  m_AutoUVMaxAngle: 89
  m_LightmapParameters: {fileID: 0}
  m_SortingLayerID: 0
  m_SortingLayer: 0
  m_SortingOrder: 0
--- !u!64 &7719272906996179072
MeshCollider:
  m_ObjectHideFlags: 0
  m_CorrespondingSourceObject: {fileID: 0}
  m_PrefabInstance: {fileID: 0}
  m_PrefabAsset: {fileID: 0}
  m_GameObject: {fileID: 118268059971974697}
  m_Material: {fileID: 0}
  m_IsTrigger: 0
  m_Enabled: 1
  serializedVersion: 4
  m_Convex: 0
  m_CookingOptions: 30
  m_Mesh: {fileID: -1618436159036957830, guid: c871ed1b848b2474ba10608df45fb896, type: 3}
--- !u!1 &563183897107015022
GameObject:
  m_ObjectHideFlags: 0
  m_CorrespondingSourceObject: {fileID: 0}
  m_PrefabInstance: {fileID: 0}
  m_PrefabAsset: {fileID: 0}
  serializedVersion: 6
  m_Component:
  - component: {fileID: 6883773313521210578}
  - component: {fileID: 6937651980906990487}
  - component: {fileID: 7613349677332982836}
  - component: {fileID: 1886740625376589632}
  m_Layer: 0
  m_Name: Stand_9_Logo_1
  m_TagString: Untagged
  m_Icon: {fileID: 0}
  m_NavMeshLayer: 0
  m_StaticEditorFlags: 4294967295
  m_IsActive: 1
--- !u!4 &6883773313521210578
Transform:
  m_ObjectHideFlags: 0
  m_CorrespondingSourceObject: {fileID: 0}
  m_PrefabInstance: {fileID: 0}
  m_PrefabAsset: {fileID: 0}
  m_GameObject: {fileID: 563183897107015022}
  m_LocalRotation: {x: 0, y: -0, z: -0, w: 1}
  m_LocalPosition: {x: 0.00000008713684, y: 4.0495486, z: 0.00000026717316}
  m_LocalScale: {x: 1, y: 1, z: 1}
  m_Children: []
  m_Father: {fileID: 3922161095212838545}
  m_RootOrder: 3
  m_LocalEulerAnglesHint: {x: 0, y: 0, z: 0}
--- !u!33 &6937651980906990487
MeshFilter:
  m_ObjectHideFlags: 0
  m_CorrespondingSourceObject: {fileID: 0}
  m_PrefabInstance: {fileID: 0}
  m_PrefabAsset: {fileID: 0}
  m_GameObject: {fileID: 563183897107015022}
  m_Mesh: {fileID: 983400814537048811, guid: c871ed1b848b2474ba10608df45fb896, type: 3}
--- !u!23 &7613349677332982836
MeshRenderer:
  m_ObjectHideFlags: 0
  m_CorrespondingSourceObject: {fileID: 0}
  m_PrefabInstance: {fileID: 0}
  m_PrefabAsset: {fileID: 0}
  m_GameObject: {fileID: 563183897107015022}
  m_Enabled: 1
  m_CastShadows: 1
  m_ReceiveShadows: 1
  m_DynamicOccludee: 1
  m_MotionVectors: 1
  m_LightProbeUsage: 1
  m_ReflectionProbeUsage: 1
  m_RayTracingMode: 2
  m_RenderingLayerMask: 1
  m_RendererPriority: 0
  m_Materials:
  - {fileID: 2100000, guid: 2a69604209f9f19438714367b0dc5594, type: 2}
  m_StaticBatchInfo:
    firstSubMesh: 0
    subMeshCount: 0
  m_StaticBatchRoot: {fileID: 0}
  m_ProbeAnchor: {fileID: 0}
  m_LightProbeVolumeOverride: {fileID: 0}
  m_ScaleInLightmap: 1
  m_ReceiveGI: 1
  m_PreserveUVs: 0
  m_IgnoreNormalsForChartDetection: 0
  m_ImportantGI: 0
  m_StitchLightmapSeams: 1
  m_SelectedEditorRenderState: 3
  m_MinimumChartSize: 4
  m_AutoUVMaxDistance: 0.5
  m_AutoUVMaxAngle: 89
  m_LightmapParameters: {fileID: 0}
  m_SortingLayerID: 0
  m_SortingLayer: 0
  m_SortingOrder: 0
--- !u!64 &1886740625376589632
MeshCollider:
  m_ObjectHideFlags: 0
  m_CorrespondingSourceObject: {fileID: 0}
  m_PrefabInstance: {fileID: 0}
  m_PrefabAsset: {fileID: 0}
  m_GameObject: {fileID: 563183897107015022}
  m_Material: {fileID: 0}
  m_IsTrigger: 0
  m_Enabled: 1
  serializedVersion: 4
  m_Convex: 0
  m_CookingOptions: 30
  m_Mesh: {fileID: 983400814537048811, guid: c871ed1b848b2474ba10608df45fb896, type: 3}
--- !u!1 &797397823450627196
GameObject:
  m_ObjectHideFlags: 0
  m_CorrespondingSourceObject: {fileID: 0}
  m_PrefabInstance: {fileID: 0}
  m_PrefabAsset: {fileID: 0}
  serializedVersion: 6
  m_Component:
  - component: {fileID: 2860173402545548691}
  - component: {fileID: 5169736446959811944}
  - component: {fileID: 6358944657973768292}
  - component: {fileID: 5744660830299709044}
  m_Layer: 0
  m_Name: Stand_9
  m_TagString: Untagged
  m_Icon: {fileID: 0}
  m_NavMeshLayer: 0
  m_StaticEditorFlags: 4294967295
  m_IsActive: 1
--- !u!4 &2860173402545548691
Transform:
  m_ObjectHideFlags: 0
  m_CorrespondingSourceObject: {fileID: 0}
  m_PrefabInstance: {fileID: 0}
  m_PrefabAsset: {fileID: 0}
  m_GameObject: {fileID: 797397823450627196}
  m_LocalRotation: {x: 0, y: -0, z: -0, w: 1}
  m_LocalPosition: {x: 0.00000008713684, y: 0.05, z: 0.00000026717316}
  m_LocalScale: {x: 1, y: 1, z: 1}
  m_Children: []
  m_Father: {fileID: 3922161095212838545}
  m_RootOrder: 0
  m_LocalEulerAnglesHint: {x: 0, y: 0, z: 0}
--- !u!33 &5169736446959811944
MeshFilter:
  m_ObjectHideFlags: 0
  m_CorrespondingSourceObject: {fileID: 0}
  m_PrefabInstance: {fileID: 0}
  m_PrefabAsset: {fileID: 0}
  m_GameObject: {fileID: 797397823450627196}
  m_Mesh: {fileID: -3708110349856627031, guid: c871ed1b848b2474ba10608df45fb896, type: 3}
--- !u!23 &6358944657973768292
MeshRenderer:
  m_ObjectHideFlags: 0
  m_CorrespondingSourceObject: {fileID: 0}
  m_PrefabInstance: {fileID: 0}
  m_PrefabAsset: {fileID: 0}
  m_GameObject: {fileID: 797397823450627196}
  m_Enabled: 1
  m_CastShadows: 1
  m_ReceiveShadows: 1
  m_DynamicOccludee: 1
  m_MotionVectors: 1
  m_LightProbeUsage: 1
  m_ReflectionProbeUsage: 1
  m_RayTracingMode: 2
  m_RenderingLayerMask: 1
  m_RendererPriority: 0
  m_Materials:
  - {fileID: 2100000, guid: 798fa481986de4944ba4079df3bad231, type: 2}
  - {fileID: 2100000, guid: 5cdb926466f5efb468b1e3153f73ce8c, type: 2}
  - {fileID: 2100000, guid: 6fcfab2364e19ba4099a4d9fea022427, type: 2}
  - {fileID: 2100000, guid: 55c4c5786201f6d43b1eb517df0e5068, type: 2}
  m_StaticBatchInfo:
    firstSubMesh: 0
    subMeshCount: 0
  m_StaticBatchRoot: {fileID: 0}
  m_ProbeAnchor: {fileID: 0}
  m_LightProbeVolumeOverride: {fileID: 0}
  m_ScaleInLightmap: 1
  m_ReceiveGI: 1
  m_PreserveUVs: 0
  m_IgnoreNormalsForChartDetection: 0
  m_ImportantGI: 0
  m_StitchLightmapSeams: 1
  m_SelectedEditorRenderState: 3
  m_MinimumChartSize: 4
  m_AutoUVMaxDistance: 0.5
  m_AutoUVMaxAngle: 89
  m_LightmapParameters: {fileID: 0}
  m_SortingLayerID: 0
  m_SortingLayer: 0
  m_SortingOrder: 0
--- !u!64 &5744660830299709044
MeshCollider:
  m_ObjectHideFlags: 0
  m_CorrespondingSourceObject: {fileID: 0}
  m_PrefabInstance: {fileID: 0}
  m_PrefabAsset: {fileID: 0}
  m_GameObject: {fileID: 797397823450627196}
  m_Material: {fileID: 0}
  m_IsTrigger: 0
  m_Enabled: 1
  serializedVersion: 4
  m_Convex: 0
  m_CookingOptions: 30
  m_Mesh: {fileID: -3708110349856627031, guid: c871ed1b848b2474ba10608df45fb896, type: 3}
--- !u!1 &4011188048684068300
GameObject:
  m_ObjectHideFlags: 0
  m_CorrespondingSourceObject: {fileID: 0}
  m_PrefabInstance: {fileID: 0}
  m_PrefabAsset: {fileID: 0}
  serializedVersion: 6
  m_Component:
  - component: {fileID: 8033276206136032071}
  - component: {fileID: 1262398973955139729}
  - component: {fileID: 4516632311247534664}
  - component: {fileID: 3130268857884092248}
  m_Layer: 0
  m_Name: Stand_9_Table_2
  m_TagString: Untagged
  m_Icon: {fileID: 0}
  m_NavMeshLayer: 0
  m_StaticEditorFlags: 4294967295
  m_IsActive: 1
--- !u!4 &8033276206136032071
Transform:
  m_ObjectHideFlags: 0
  m_CorrespondingSourceObject: {fileID: 0}
  m_PrefabInstance: {fileID: 0}
  m_PrefabAsset: {fileID: 0}
  m_GameObject: {fileID: 4011188048684068300}
  m_LocalRotation: {x: 0, y: -0, z: -0, w: 1}
  m_LocalPosition: {x: -2.9399986, y: 0.04954749, z: -2.292}
  m_LocalScale: {x: 1, y: 1, z: 1}
  m_Children: []
  m_Father: {fileID: 3922161095212838545}
  m_RootOrder: 5
  m_LocalEulerAnglesHint: {x: 0, y: 0, z: 0}
--- !u!33 &1262398973955139729
MeshFilter:
  m_ObjectHideFlags: 0
  m_CorrespondingSourceObject: {fileID: 0}
  m_PrefabInstance: {fileID: 0}
  m_PrefabAsset: {fileID: 0}
  m_GameObject: {fileID: 4011188048684068300}
  m_Mesh: {fileID: -200735496245887502, guid: c871ed1b848b2474ba10608df45fb896, type: 3}
--- !u!23 &4516632311247534664
MeshRenderer:
  m_ObjectHideFlags: 0
  m_CorrespondingSourceObject: {fileID: 0}
  m_PrefabInstance: {fileID: 0}
  m_PrefabAsset: {fileID: 0}
  m_GameObject: {fileID: 4011188048684068300}
  m_Enabled: 1
  m_CastShadows: 1
  m_ReceiveShadows: 1
  m_DynamicOccludee: 1
  m_MotionVectors: 1
  m_LightProbeUsage: 1
  m_ReflectionProbeUsage: 1
  m_RayTracingMode: 2
  m_RenderingLayerMask: 1
  m_RendererPriority: 0
  m_Materials:
  - {fileID: 2100000, guid: 6fcfab2364e19ba4099a4d9fea022427, type: 2}
  - {fileID: 2100000, guid: 5cdb926466f5efb468b1e3153f73ce8c, type: 2}
  m_StaticBatchInfo:
    firstSubMesh: 0
    subMeshCount: 0
  m_StaticBatchRoot: {fileID: 0}
  m_ProbeAnchor: {fileID: 0}
  m_LightProbeVolumeOverride: {fileID: 0}
  m_ScaleInLightmap: 1
  m_ReceiveGI: 1
  m_PreserveUVs: 0
  m_IgnoreNormalsForChartDetection: 0
  m_ImportantGI: 0
  m_StitchLightmapSeams: 1
  m_SelectedEditorRenderState: 3
  m_MinimumChartSize: 4
  m_AutoUVMaxDistance: 0.5
  m_AutoUVMaxAngle: 89
  m_LightmapParameters: {fileID: 0}
  m_SortingLayerID: 0
  m_SortingLayer: 0
  m_SortingOrder: 0
--- !u!64 &3130268857884092248
MeshCollider:
  m_ObjectHideFlags: 0
  m_CorrespondingSourceObject: {fileID: 0}
  m_PrefabInstance: {fileID: 0}
  m_PrefabAsset: {fileID: 0}
  m_GameObject: {fileID: 4011188048684068300}
  m_Material: {fileID: 0}
  m_IsTrigger: 0
  m_Enabled: 1
  serializedVersion: 4
  m_Convex: 0
  m_CookingOptions: 30
  m_Mesh: {fileID: -200735496245887502, guid: c871ed1b848b2474ba10608df45fb896, type: 3}
--- !u!1 &4406068620060587051
GameObject:
  m_ObjectHideFlags: 0
  m_CorrespondingSourceObject: {fileID: 0}
  m_PrefabInstance: {fileID: 0}
  m_PrefabAsset: {fileID: 0}
  serializedVersion: 6
  m_Component:
  - component: {fileID: 3922161095212838545}
  m_Layer: 0
  m_Name: Stand_9
  m_TagString: Untagged
  m_Icon: {fileID: 0}
  m_NavMeshLayer: 0
  m_StaticEditorFlags: 0
  m_IsActive: 1
--- !u!4 &3922161095212838545
Transform:
  m_ObjectHideFlags: 0
  m_CorrespondingSourceObject: {fileID: 0}
  m_PrefabInstance: {fileID: 0}
  m_PrefabAsset: {fileID: 0}
  m_GameObject: {fileID: 4406068620060587051}
  m_LocalRotation: {x: 0, y: 0, z: 0, w: 1}
  m_LocalPosition: {x: 0, y: 0, z: 0}
  m_LocalScale: {x: 1, y: 1, z: 1}
  m_Children:
  - {fileID: 2860173402545548691}
  - {fileID: 1732958313522560236}
  - {fileID: 3147239168412048292}
  - {fileID: 6883773313521210578}
  - {fileID: 1851724093243154286}
  - {fileID: 8033276206136032071}
  - {fileID: 5075123244855951233}
  - {fileID: 1386251887469883370}
  - {fileID: 3704921773719638654}
  - {fileID: 2990848417367787372}
  - {fileID: 2990848417679920265}
  - {fileID: 3783264800342617793}
  - {fileID: 8674573343146689153}
  - {fileID: 8674573342077526222}
  - {fileID: 8674573341968223115}
  - {fileID: 8674573341632498940}
  - {fileID: 3240965022694614060}
  - {fileID: 3240965023135436861}
  - {fileID: 3240965022556819694}
  - {fileID: 3240965022388601134}
  - {fileID: 8674573342138228584}
  - {fileID: 8674573343024100134}
  - {fileID: 8674573342529149282}
  - {fileID: 8674573341510546198}
  - {fileID: 8674573343192927147}
  - {fileID: 2990848417405499909}
  - {fileID: 2990848417690090063}
  - {fileID: 2990848419107528916}
  - {fileID: 2990848417300762241}
  - {fileID: 1386251887553512699}
  m_Father: {fileID: 0}
  m_RootOrder: 0
  m_LocalEulerAnglesHint: {x: 0, y: 0, z: 0}
--- !u!1 &6807468872583239366
GameObject:
  m_ObjectHideFlags: 0
  m_CorrespondingSourceObject: {fileID: 0}
  m_PrefabInstance: {fileID: 0}
  m_PrefabAsset: {fileID: 0}
  serializedVersion: 6
  m_Component:
  - component: {fileID: 1851724093243154286}
  - component: {fileID: 2972988015273973689}
  - component: {fileID: 2391195274798504548}
  - component: {fileID: 2193782218201285325}
  m_Layer: 0
  m_Name: Stand_9_Table_1
  m_TagString: Untagged
  m_Icon: {fileID: 0}
  m_NavMeshLayer: 0
  m_StaticEditorFlags: 4294967295
  m_IsActive: 1
--- !u!4 &1851724093243154286
Transform:
  m_ObjectHideFlags: 0
  m_CorrespondingSourceObject: {fileID: 0}
  m_PrefabInstance: {fileID: 0}
  m_PrefabAsset: {fileID: 0}
  m_GameObject: {fileID: 6807468872583239366}
  m_LocalRotation: {x: 0, y: -0, z: -0, w: 1}
  m_LocalPosition: {x: -1.9997826, y: 0.049548455, z: -0.523}
  m_LocalScale: {x: 1, y: 1, z: 1}
  m_Children: []
  m_Father: {fileID: 3922161095212838545}
  m_RootOrder: 4
  m_LocalEulerAnglesHint: {x: 0, y: 0, z: 0}
--- !u!33 &2972988015273973689
MeshFilter:
  m_ObjectHideFlags: 0
  m_CorrespondingSourceObject: {fileID: 0}
  m_PrefabInstance: {fileID: 0}
  m_PrefabAsset: {fileID: 0}
  m_GameObject: {fileID: 6807468872583239366}
  m_Mesh: {fileID: -1618436159036957830, guid: c871ed1b848b2474ba10608df45fb896, type: 3}
--- !u!23 &2391195274798504548
MeshRenderer:
  m_ObjectHideFlags: 0
  m_CorrespondingSourceObject: {fileID: 0}
  m_PrefabInstance: {fileID: 0}
  m_PrefabAsset: {fileID: 0}
  m_GameObject: {fileID: 6807468872583239366}
  m_Enabled: 1
  m_CastShadows: 1
  m_ReceiveShadows: 1
  m_DynamicOccludee: 1
  m_MotionVectors: 1
  m_LightProbeUsage: 1
  m_ReflectionProbeUsage: 1
  m_RayTracingMode: 2
  m_RenderingLayerMask: 1
  m_RendererPriority: 0
  m_Materials:
  - {fileID: 2100000, guid: 5cdb926466f5efb468b1e3153f73ce8c, type: 2}
  - {fileID: 2100000, guid: 6fcfab2364e19ba4099a4d9fea022427, type: 2}
  m_StaticBatchInfo:
    firstSubMesh: 0
    subMeshCount: 0
  m_StaticBatchRoot: {fileID: 0}
  m_ProbeAnchor: {fileID: 0}
  m_LightProbeVolumeOverride: {fileID: 0}
  m_ScaleInLightmap: 1
  m_ReceiveGI: 1
  m_PreserveUVs: 0
  m_IgnoreNormalsForChartDetection: 0
  m_ImportantGI: 0
  m_StitchLightmapSeams: 1
  m_SelectedEditorRenderState: 3
  m_MinimumChartSize: 4
  m_AutoUVMaxDistance: 0.5
  m_AutoUVMaxAngle: 89
  m_LightmapParameters: {fileID: 0}
  m_SortingLayerID: 0
  m_SortingLayer: 0
  m_SortingOrder: 0
--- !u!64 &2193782218201285325
MeshCollider:
  m_ObjectHideFlags: 0
  m_CorrespondingSourceObject: {fileID: 0}
  m_PrefabInstance: {fileID: 0}
  m_PrefabAsset: {fileID: 0}
  m_GameObject: {fileID: 6807468872583239366}
  m_Material: {fileID: 0}
  m_IsTrigger: 0
  m_Enabled: 1
  serializedVersion: 4
  m_Convex: 0
  m_CookingOptions: 30
  m_Mesh: {fileID: -1618436159036957830, guid: c871ed1b848b2474ba10608df45fb896, type: 3}
--- !u!1 &6964374648618537198
GameObject:
  m_ObjectHideFlags: 0
  m_CorrespondingSourceObject: {fileID: 0}
  m_PrefabInstance: {fileID: 0}
  m_PrefabAsset: {fileID: 0}
  serializedVersion: 6
  m_Component:
  - component: {fileID: 3147239168412048292}
  - component: {fileID: 8491263197172162774}
  - component: {fileID: 398625432211919028}
  - component: {fileID: 961375249795114998}
  m_Layer: 0
  m_Name: Stand_9_Door_Handle
  m_TagString: Untagged
  m_Icon: {fileID: 0}
  m_NavMeshLayer: 0
  m_StaticEditorFlags: 4294967295
  m_IsActive: 1
--- !u!4 &3147239168412048292
Transform:
  m_ObjectHideFlags: 0
  m_CorrespondingSourceObject: {fileID: 0}
  m_PrefabInstance: {fileID: 0}
  m_PrefabAsset: {fileID: 0}
  m_GameObject: {fileID: 6964374648618537198}
  m_LocalRotation: {x: 0, y: -0, z: -0, w: 1}
  m_LocalPosition: {x: -1.0028836, y: 1.2943559, z: 2.4458933}
  m_LocalScale: {x: 1, y: 1, z: 1}
  m_Children: []
  m_Father: {fileID: 3922161095212838545}
  m_RootOrder: 2
  m_LocalEulerAnglesHint: {x: 0, y: 0, z: 0}
--- !u!33 &8491263197172162774
MeshFilter:
  m_ObjectHideFlags: 0
  m_CorrespondingSourceObject: {fileID: 0}
  m_PrefabInstance: {fileID: 0}
  m_PrefabAsset: {fileID: 0}
  m_GameObject: {fileID: 6964374648618537198}
  m_Mesh: {fileID: -2683726002933403232, guid: c871ed1b848b2474ba10608df45fb896, type: 3}
--- !u!23 &398625432211919028
MeshRenderer:
  m_ObjectHideFlags: 0
  m_CorrespondingSourceObject: {fileID: 0}
  m_PrefabInstance: {fileID: 0}
  m_PrefabAsset: {fileID: 0}
  m_GameObject: {fileID: 6964374648618537198}
  m_Enabled: 1
  m_CastShadows: 1
  m_ReceiveShadows: 1
  m_DynamicOccludee: 1
  m_MotionVectors: 1
  m_LightProbeUsage: 1
  m_ReflectionProbeUsage: 1
  m_RayTracingMode: 2
  m_RenderingLayerMask: 1
  m_RendererPriority: 0
  m_Materials:
  - {fileID: 2100000, guid: 55c4c5786201f6d43b1eb517df0e5068, type: 2}
  m_StaticBatchInfo:
    firstSubMesh: 0
    subMeshCount: 0
  m_StaticBatchRoot: {fileID: 0}
  m_ProbeAnchor: {fileID: 0}
  m_LightProbeVolumeOverride: {fileID: 0}
  m_ScaleInLightmap: 1
  m_ReceiveGI: 1
  m_PreserveUVs: 0
  m_IgnoreNormalsForChartDetection: 0
  m_ImportantGI: 0
  m_StitchLightmapSeams: 1
  m_SelectedEditorRenderState: 3
  m_MinimumChartSize: 4
  m_AutoUVMaxDistance: 0.5
  m_AutoUVMaxAngle: 89
  m_LightmapParameters: {fileID: 0}
  m_SortingLayerID: 0
  m_SortingLayer: 0
  m_SortingOrder: 0
--- !u!64 &961375249795114998
MeshCollider:
  m_ObjectHideFlags: 0
  m_CorrespondingSourceObject: {fileID: 0}
  m_PrefabInstance: {fileID: 0}
  m_PrefabAsset: {fileID: 0}
  m_GameObject: {fileID: 6964374648618537198}
  m_Material: {fileID: 0}
  m_IsTrigger: 0
  m_Enabled: 1
  serializedVersion: 4
  m_Convex: 0
  m_CookingOptions: 30
  m_Mesh: {fileID: -2683726002933403232, guid: c871ed1b848b2474ba10608df45fb896, type: 3}
--- !u!1 &8150265421015893693
GameObject:
  m_ObjectHideFlags: 0
  m_CorrespondingSourceObject: {fileID: 0}
  m_PrefabInstance: {fileID: 0}
  m_PrefabAsset: {fileID: 0}
  serializedVersion: 6
  m_Component:
  - component: {fileID: 1732958313522560236}
  - component: {fileID: 5194732171009315071}
  - component: {fileID: 5808984742529439314}
  - component: {fileID: 5969509827110914726}
  m_Layer: 0
  m_Name: Stand_9_Door
  m_TagString: Untagged
  m_Icon: {fileID: 0}
  m_NavMeshLayer: 0
  m_StaticEditorFlags: 4294967295
  m_IsActive: 1
--- !u!4 &1732958313522560236
Transform:
  m_ObjectHideFlags: 0
  m_CorrespondingSourceObject: {fileID: 0}
  m_PrefabInstance: {fileID: 0}
  m_PrefabAsset: {fileID: 0}
  m_GameObject: {fileID: 8150265421015893693}
  m_LocalRotation: {x: 0, y: -0, z: -0, w: 1}
  m_LocalPosition: {x: -1.03434, y: 1.3254918, z: 1.5689273}
  m_LocalScale: {x: 1, y: 1, z: 1}
  m_Children: []
  m_Father: {fileID: 3922161095212838545}
  m_RootOrder: 1
  m_LocalEulerAnglesHint: {x: 0, y: 0, z: 0}
--- !u!33 &5194732171009315071
MeshFilter:
  m_ObjectHideFlags: 0
  m_CorrespondingSourceObject: {fileID: 0}
  m_PrefabInstance: {fileID: 0}
  m_PrefabAsset: {fileID: 0}
  m_GameObject: {fileID: 8150265421015893693}
  m_Mesh: {fileID: -8529005354919858302, guid: c871ed1b848b2474ba10608df45fb896, type: 3}
--- !u!23 &5808984742529439314
MeshRenderer:
  m_ObjectHideFlags: 0
  m_CorrespondingSourceObject: {fileID: 0}
  m_PrefabInstance: {fileID: 0}
  m_PrefabAsset: {fileID: 0}
  m_GameObject: {fileID: 8150265421015893693}
  m_Enabled: 1
  m_CastShadows: 1
  m_ReceiveShadows: 1
  m_DynamicOccludee: 1
  m_MotionVectors: 1
  m_LightProbeUsage: 1
  m_ReflectionProbeUsage: 1
  m_RayTracingMode: 2
  m_RenderingLayerMask: 1
  m_RendererPriority: 0
  m_Materials:
  - {fileID: 2100000, guid: 5cdb926466f5efb468b1e3153f73ce8c, type: 2}
  - {fileID: 2100000, guid: 55c4c5786201f6d43b1eb517df0e5068, type: 2}
  m_StaticBatchInfo:
    firstSubMesh: 0
    subMeshCount: 0
  m_StaticBatchRoot: {fileID: 0}
  m_ProbeAnchor: {fileID: 0}
  m_LightProbeVolumeOverride: {fileID: 0}
  m_ScaleInLightmap: 1
  m_ReceiveGI: 1
  m_PreserveUVs: 0
  m_IgnoreNormalsForChartDetection: 0
  m_ImportantGI: 0
  m_StitchLightmapSeams: 1
  m_SelectedEditorRenderState: 3
  m_MinimumChartSize: 4
  m_AutoUVMaxDistance: 0.5
  m_AutoUVMaxAngle: 89
  m_LightmapParameters: {fileID: 0}
  m_SortingLayerID: 0
  m_SortingLayer: 0
  m_SortingOrder: 0
--- !u!64 &5969509827110914726
MeshCollider:
  m_ObjectHideFlags: 0
  m_CorrespondingSourceObject: {fileID: 0}
  m_PrefabInstance: {fileID: 0}
  m_PrefabAsset: {fileID: 0}
  m_GameObject: {fileID: 8150265421015893693}
  m_Material: {fileID: 0}
  m_IsTrigger: 0
  m_Enabled: 1
  serializedVersion: 4
  m_Convex: 0
  m_CookingOptions: 30
  m_Mesh: {fileID: -8529005354919858302, guid: c871ed1b848b2474ba10608df45fb896, type: 3}
--- !u!1001 &540643673611747972
PrefabInstance:
  m_ObjectHideFlags: 0
  serializedVersion: 2
  m_Modification:
    m_TransformParent: {fileID: 3922161095212838545}
    m_Modifications:
    - target: {fileID: 2319679977880894482, guid: 815caeca7c6f16246885a1e2df0cc026,
        type: 3}
      propertyPath: m_Name
      value: Light_1
      objectReference: {fileID: 0}
    - target: {fileID: 3133089215988721320, guid: 815caeca7c6f16246885a1e2df0cc026,
        type: 3}
      propertyPath: m_LocalPosition.x
      value: 2.647995
      objectReference: {fileID: 0}
    - target: {fileID: 3133089215988721320, guid: 815caeca7c6f16246885a1e2df0cc026,
        type: 3}
      propertyPath: m_LocalPosition.y
      value: 3.967874
      objectReference: {fileID: 0}
    - target: {fileID: 3133089215988721320, guid: 815caeca7c6f16246885a1e2df0cc026,
        type: 3}
      propertyPath: m_LocalPosition.z
      value: 1.0609999
      objectReference: {fileID: 0}
    - target: {fileID: 3133089215988721320, guid: 815caeca7c6f16246885a1e2df0cc026,
        type: 3}
      propertyPath: m_LocalRotation.x
      value: -0
      objectReference: {fileID: 0}
    - target: {fileID: 3133089215988721320, guid: 815caeca7c6f16246885a1e2df0cc026,
        type: 3}
      propertyPath: m_LocalRotation.y
      value: -0
      objectReference: {fileID: 0}
    - target: {fileID: 3133089215988721320, guid: 815caeca7c6f16246885a1e2df0cc026,
        type: 3}
      propertyPath: m_LocalRotation.z
      value: -0
      objectReference: {fileID: 0}
    - target: {fileID: 3133089215988721320, guid: 815caeca7c6f16246885a1e2df0cc026,
        type: 3}
      propertyPath: m_LocalRotation.w
      value: 1
      objectReference: {fileID: 0}
    - target: {fileID: 3133089215988721320, guid: 815caeca7c6f16246885a1e2df0cc026,
        type: 3}
      propertyPath: m_RootOrder
      value: 16
      objectReference: {fileID: 0}
    - target: {fileID: 3133089215988721320, guid: 815caeca7c6f16246885a1e2df0cc026,
        type: 3}
      propertyPath: m_LocalEulerAnglesHint.x
      value: 0
      objectReference: {fileID: 0}
    - target: {fileID: 3133089215988721320, guid: 815caeca7c6f16246885a1e2df0cc026,
        type: 3}
      propertyPath: m_LocalEulerAnglesHint.y
      value: 0
      objectReference: {fileID: 0}
    - target: {fileID: 3133089215988721320, guid: 815caeca7c6f16246885a1e2df0cc026,
        type: 3}
      propertyPath: m_LocalEulerAnglesHint.z
      value: 0
      objectReference: {fileID: 0}
    m_RemovedComponents: []
  m_SourcePrefab: {fileID: 100100000, guid: 815caeca7c6f16246885a1e2df0cc026, type: 3}
--- !u!4 &3240965022694614060 stripped
Transform:
  m_CorrespondingSourceObject: {fileID: 3133089215988721320, guid: 815caeca7c6f16246885a1e2df0cc026,
    type: 3}
  m_PrefabInstance: {fileID: 540643673611747972}
  m_PrefabAsset: {fileID: 0}
--- !u!1001 &540643673655109436
PrefabInstance:
  m_ObjectHideFlags: 0
  serializedVersion: 2
  m_Modification:
    m_TransformParent: {fileID: 3922161095212838545}
    m_Modifications:
    - target: {fileID: 8406345135065018746, guid: 58730593a90cfb34c85bb4216ba8b562,
        type: 3}
      propertyPath: m_Name
      value: Light_4
      objectReference: {fileID: 0}
    - target: {fileID: 9215076153043348416, guid: 58730593a90cfb34c85bb4216ba8b562,
        type: 3}
      propertyPath: m_LocalPosition.x
      value: -2.9411469
      objectReference: {fileID: 0}
    - target: {fileID: 9215076153043348416, guid: 58730593a90cfb34c85bb4216ba8b562,
        type: 3}
      propertyPath: m_LocalPosition.y
      value: 3.422999
      objectReference: {fileID: 0}
    - target: {fileID: 9215076153043348416, guid: 58730593a90cfb34c85bb4216ba8b562,
        type: 3}
      propertyPath: m_LocalPosition.z
      value: -2.6105847
      objectReference: {fileID: 0}
    - target: {fileID: 9215076153043348416, guid: 58730593a90cfb34c85bb4216ba8b562,
        type: 3}
      propertyPath: m_LocalRotation.x
      value: -0
      objectReference: {fileID: 0}
    - target: {fileID: 9215076153043348416, guid: 58730593a90cfb34c85bb4216ba8b562,
        type: 3}
      propertyPath: m_LocalRotation.y
      value: 0.7071068
      objectReference: {fileID: 0}
    - target: {fileID: 9215076153043348416, guid: 58730593a90cfb34c85bb4216ba8b562,
        type: 3}
      propertyPath: m_LocalRotation.z
      value: -0
      objectReference: {fileID: 0}
    - target: {fileID: 9215076153043348416, guid: 58730593a90cfb34c85bb4216ba8b562,
        type: 3}
      propertyPath: m_LocalRotation.w
      value: 0.7071068
      objectReference: {fileID: 0}
    - target: {fileID: 9215076153043348416, guid: 58730593a90cfb34c85bb4216ba8b562,
        type: 3}
      propertyPath: m_RootOrder
      value: 15
      objectReference: {fileID: 0}
    - target: {fileID: 9215076153043348416, guid: 58730593a90cfb34c85bb4216ba8b562,
        type: 3}
      propertyPath: m_LocalEulerAnglesHint.x
      value: 0
      objectReference: {fileID: 0}
    - target: {fileID: 9215076153043348416, guid: 58730593a90cfb34c85bb4216ba8b562,
        type: 3}
      propertyPath: m_LocalEulerAnglesHint.y
      value: 90
      objectReference: {fileID: 0}
    - target: {fileID: 9215076153043348416, guid: 58730593a90cfb34c85bb4216ba8b562,
        type: 3}
      propertyPath: m_LocalEulerAnglesHint.z
      value: 0
      objectReference: {fileID: 0}
    - target: {fileID: 9215076153043348416, guid: 58730593a90cfb34c85bb4216ba8b562,
        type: 3}
      propertyPath: m_LocalScale.x
      value: 1
      objectReference: {fileID: 0}
    - target: {fileID: 9215076153043348416, guid: 58730593a90cfb34c85bb4216ba8b562,
        type: 3}
      propertyPath: m_LocalScale.z
      value: 1
      objectReference: {fileID: 0}
    m_RemovedComponents: []
  m_SourcePrefab: {fileID: 100100000, guid: 58730593a90cfb34c85bb4216ba8b562, type: 3}
--- !u!4 &8674573341632498940 stripped
Transform:
  m_CorrespondingSourceObject: {fileID: 9215076153043348416, guid: 58730593a90cfb34c85bb4216ba8b562,
    type: 3}
  m_PrefabInstance: {fileID: 540643673655109436}
  m_PrefabAsset: {fileID: 0}
--- !u!1001 &540643673662056751
PrefabInstance:
  m_ObjectHideFlags: 0
  serializedVersion: 2
  m_Modification:
    m_TransformParent: {fileID: 3922161095212838545}
    m_Modifications:
    - target: {fileID: 2687154638234208656, guid: c4cdda0239066b545865791c18e801a2,
        type: 3}
      propertyPath: m_Name
      value: Chair_5 (1)
      objectReference: {fileID: 0}
    - target: {fileID: 3315036648559743786, guid: c4cdda0239066b545865791c18e801a2,
        type: 3}
      propertyPath: m_LocalPosition.x
      value: -1.6969986
      objectReference: {fileID: 0}
    - target: {fileID: 3315036648559743786, guid: c4cdda0239066b545865791c18e801a2,
        type: 3}
      propertyPath: m_LocalPosition.y
      value: 0.049548507
      objectReference: {fileID: 0}
    - target: {fileID: 3315036648559743786, guid: c4cdda0239066b545865791c18e801a2,
        type: 3}
      propertyPath: m_LocalPosition.z
      value: -1.2977872
      objectReference: {fileID: 0}
    - target: {fileID: 3315036648559743786, guid: c4cdda0239066b545865791c18e801a2,
        type: 3}
      propertyPath: m_LocalRotation.x
      value: -0
      objectReference: {fileID: 0}
    - target: {fileID: 3315036648559743786, guid: c4cdda0239066b545865791c18e801a2,
        type: 3}
      propertyPath: m_LocalRotation.y
      value: -0
      objectReference: {fileID: 0}
    - target: {fileID: 3315036648559743786, guid: c4cdda0239066b545865791c18e801a2,
        type: 3}
      propertyPath: m_LocalRotation.z
      value: -0
      objectReference: {fileID: 0}
    - target: {fileID: 3315036648559743786, guid: c4cdda0239066b545865791c18e801a2,
        type: 3}
      propertyPath: m_LocalRotation.w
      value: 1
      objectReference: {fileID: 0}
    - target: {fileID: 3315036648559743786, guid: c4cdda0239066b545865791c18e801a2,
        type: 3}
      propertyPath: m_RootOrder
      value: 25
      objectReference: {fileID: 0}
    - target: {fileID: 3315036648559743786, guid: c4cdda0239066b545865791c18e801a2,
        type: 3}
      propertyPath: m_LocalEulerAnglesHint.x
      value: 0
      objectReference: {fileID: 0}
    - target: {fileID: 3315036648559743786, guid: c4cdda0239066b545865791c18e801a2,
        type: 3}
      propertyPath: m_LocalEulerAnglesHint.y
      value: 0
      objectReference: {fileID: 0}
    - target: {fileID: 3315036648559743786, guid: c4cdda0239066b545865791c18e801a2,
        type: 3}
      propertyPath: m_LocalEulerAnglesHint.z
      value: 0
      objectReference: {fileID: 0}
    m_RemovedComponents: []
  m_SourcePrefab: {fileID: 100100000, guid: c4cdda0239066b545865791c18e801a2, type: 3}
--- !u!4 &2990848417405499909 stripped
Transform:
  m_CorrespondingSourceObject: {fileID: 3315036648559743786, guid: c4cdda0239066b545865791c18e801a2,
    type: 3}
  m_PrefabInstance: {fileID: 540643673662056751}
  m_PrefabAsset: {fileID: 0}
--- !u!1001 &540643673699849286
PrefabInstance:
  m_ObjectHideFlags: 0
  serializedVersion: 2
  m_Modification:
    m_TransformParent: {fileID: 3922161095212838545}
    m_Modifications:
    - target: {fileID: 2687154638234208656, guid: c4cdda0239066b545865791c18e801a2,
        type: 3}
      propertyPath: m_Name
      value: Chair_5 (2)
      objectReference: {fileID: 0}
    - target: {fileID: 3315036648559743786, guid: c4cdda0239066b545865791c18e801a2,
        type: 3}
      propertyPath: m_LocalPosition.x
      value: -2.4613495
      objectReference: {fileID: 0}
    - target: {fileID: 3315036648559743786, guid: c4cdda0239066b545865791c18e801a2,
        type: 3}
      propertyPath: m_LocalPosition.y
      value: 0.049549103
      objectReference: {fileID: 0}
    - target: {fileID: 3315036648559743786, guid: c4cdda0239066b545865791c18e801a2,
        type: 3}
      propertyPath: m_LocalPosition.z
      value: 0.19132233
      objectReference: {fileID: 0}
    - target: {fileID: 3315036648559743786, guid: c4cdda0239066b545865791c18e801a2,
        type: 3}
      propertyPath: m_LocalRotation.x
      value: -0
      objectReference: {fileID: 0}
    - target: {fileID: 3315036648559743786, guid: c4cdda0239066b545865791c18e801a2,
        type: 3}
      propertyPath: m_LocalRotation.y
      value: 0.99898696
      objectReference: {fileID: 0}
    - target: {fileID: 3315036648559743786, guid: c4cdda0239066b545865791c18e801a2,
        type: 3}
      propertyPath: m_LocalRotation.z
      value: -0
      objectReference: {fileID: 0}
    - target: {fileID: 3315036648559743786, guid: c4cdda0239066b545865791c18e801a2,
        type: 3}
      propertyPath: m_LocalRotation.w
      value: 0.045001846
      objectReference: {fileID: 0}
    - target: {fileID: 3315036648559743786, guid: c4cdda0239066b545865791c18e801a2,
        type: 3}
      propertyPath: m_RootOrder
      value: 9
      objectReference: {fileID: 0}
    - target: {fileID: 3315036648559743786, guid: c4cdda0239066b545865791c18e801a2,
        type: 3}
      propertyPath: m_LocalEulerAnglesHint.x
      value: 0
      objectReference: {fileID: 0}
    - target: {fileID: 3315036648559743786, guid: c4cdda0239066b545865791c18e801a2,
        type: 3}
      propertyPath: m_LocalEulerAnglesHint.y
      value: 174.841
      objectReference: {fileID: 0}
    - target: {fileID: 3315036648559743786, guid: c4cdda0239066b545865791c18e801a2,
        type: 3}
      propertyPath: m_LocalEulerAnglesHint.z
      value: 0
      objectReference: {fileID: 0}
    - target: {fileID: 3315036648559743786, guid: c4cdda0239066b545865791c18e801a2,
        type: 3}
      propertyPath: m_LocalScale.x
      value: 1
      objectReference: {fileID: 0}
    - target: {fileID: 3315036648559743786, guid: c4cdda0239066b545865791c18e801a2,
        type: 3}
      propertyPath: m_LocalScale.z
      value: 1
      objectReference: {fileID: 0}
    m_RemovedComponents: []
  m_SourcePrefab: {fileID: 100100000, guid: c4cdda0239066b545865791c18e801a2, type: 3}
--- !u!4 &2990848417367787372 stripped
Transform:
  m_CorrespondingSourceObject: {fileID: 3315036648559743786, guid: c4cdda0239066b545865791c18e801a2,
    type: 3}
  m_PrefabInstance: {fileID: 540643673699849286}
  m_PrefabAsset: {fileID: 0}
--- !u!1001 &540643673724581446
PrefabInstance:
  m_ObjectHideFlags: 0
  serializedVersion: 2
  m_Modification:
    m_TransformParent: {fileID: 3922161095212838545}
    m_Modifications:
    - target: {fileID: 2319679977880894482, guid: 815caeca7c6f16246885a1e2df0cc026,
        type: 3}
      propertyPath: m_Name
      value: Light_1 (2)
      objectReference: {fileID: 0}
    - target: {fileID: 3133089215988721320, guid: 815caeca7c6f16246885a1e2df0cc026,
        type: 3}
      propertyPath: m_LocalPosition.x
      value: 2.647995
      objectReference: {fileID: 0}
    - target: {fileID: 3133089215988721320, guid: 815caeca7c6f16246885a1e2df0cc026,
        type: 3}
      propertyPath: m_LocalPosition.y
      value: 3.967874
      objectReference: {fileID: 0}
    - target: {fileID: 3133089215988721320, guid: 815caeca7c6f16246885a1e2df0cc026,
        type: 3}
      propertyPath: m_LocalPosition.z
      value: 2.2679996
      objectReference: {fileID: 0}
    - target: {fileID: 3133089215988721320, guid: 815caeca7c6f16246885a1e2df0cc026,
        type: 3}
      propertyPath: m_LocalRotation.x
      value: -0
      objectReference: {fileID: 0}
    - target: {fileID: 3133089215988721320, guid: 815caeca7c6f16246885a1e2df0cc026,
        type: 3}
      propertyPath: m_LocalRotation.y
      value: -0
      objectReference: {fileID: 0}
    - target: {fileID: 3133089215988721320, guid: 815caeca7c6f16246885a1e2df0cc026,
        type: 3}
      propertyPath: m_LocalRotation.z
      value: -0
      objectReference: {fileID: 0}
    - target: {fileID: 3133089215988721320, guid: 815caeca7c6f16246885a1e2df0cc026,
        type: 3}
      propertyPath: m_LocalRotation.w
      value: 1
      objectReference: {fileID: 0}
    - target: {fileID: 3133089215988721320, guid: 815caeca7c6f16246885a1e2df0cc026,
        type: 3}
      propertyPath: m_RootOrder
      value: 18
      objectReference: {fileID: 0}
    - target: {fileID: 3133089215988721320, guid: 815caeca7c6f16246885a1e2df0cc026,
        type: 3}
      propertyPath: m_LocalEulerAnglesHint.x
      value: 0
      objectReference: {fileID: 0}
    - target: {fileID: 3133089215988721320, guid: 815caeca7c6f16246885a1e2df0cc026,
        type: 3}
      propertyPath: m_LocalEulerAnglesHint.y
      value: 0
      objectReference: {fileID: 0}
    - target: {fileID: 3133089215988721320, guid: 815caeca7c6f16246885a1e2df0cc026,
        type: 3}
      propertyPath: m_LocalEulerAnglesHint.z
      value: 0
      objectReference: {fileID: 0}
    m_RemovedComponents: []
  m_SourcePrefab: {fileID: 100100000, guid: 815caeca7c6f16246885a1e2df0cc026, type: 3}
--- !u!4 &3240965022556819694 stripped
Transform:
  m_CorrespondingSourceObject: {fileID: 3133089215988721320, guid: 815caeca7c6f16246885a1e2df0cc026,
    type: 3}
  m_PrefabInstance: {fileID: 540643673724581446}
  m_PrefabAsset: {fileID: 0}
--- !u!1001 &540643673760488875
PrefabInstance:
  m_ObjectHideFlags: 0
  serializedVersion: 2
  m_Modification:
    m_TransformParent: {fileID: 3922161095212838545}
    m_Modifications:
    - target: {fileID: 2687154638234208656, guid: c4cdda0239066b545865791c18e801a2,
        type: 3}
      propertyPath: m_Name
      value: Chair_5 (5)
      objectReference: {fileID: 0}
    - target: {fileID: 3315036648559743786, guid: c4cdda0239066b545865791c18e801a2,
        type: 3}
      propertyPath: m_LocalPosition.x
      value: 2.2569962
      objectReference: {fileID: 0}
    - target: {fileID: 3315036648559743786, guid: c4cdda0239066b545865791c18e801a2,
        type: 3}
      propertyPath: m_LocalPosition.y
      value: 0.049549103
      objectReference: {fileID: 0}
    - target: {fileID: 3315036648559743786, guid: c4cdda0239066b545865791c18e801a2,
        type: 3}
      propertyPath: m_LocalPosition.z
      value: -1.6430001
      objectReference: {fileID: 0}
    - target: {fileID: 3315036648559743786, guid: c4cdda0239066b545865791c18e801a2,
        type: 3}
      propertyPath: m_LocalRotation.x
      value: -0
      objectReference: {fileID: 0}
    - target: {fileID: 3315036648559743786, guid: c4cdda0239066b545865791c18e801a2,
        type: 3}
      propertyPath: m_LocalRotation.y
      value: 0.99898696
      objectReference: {fileID: 0}
    - target: {fileID: 3315036648559743786, guid: c4cdda0239066b545865791c18e801a2,
        type: 3}
      propertyPath: m_LocalRotation.z
      value: -0
      objectReference: {fileID: 0}
    - target: {fileID: 3315036648559743786, guid: c4cdda0239066b545865791c18e801a2,
        type: 3}
      propertyPath: m_LocalRotation.w
      value: 0.045001846
      objectReference: {fileID: 0}
    - target: {fileID: 3315036648559743786, guid: c4cdda0239066b545865791c18e801a2,
        type: 3}
      propertyPath: m_RootOrder
      value: 28
      objectReference: {fileID: 0}
    - target: {fileID: 3315036648559743786, guid: c4cdda0239066b545865791c18e801a2,
        type: 3}
      propertyPath: m_LocalEulerAnglesHint.x
      value: 0
      objectReference: {fileID: 0}
    - target: {fileID: 3315036648559743786, guid: c4cdda0239066b545865791c18e801a2,
        type: 3}
      propertyPath: m_LocalEulerAnglesHint.y
      value: 174.841
      objectReference: {fileID: 0}
    - target: {fileID: 3315036648559743786, guid: c4cdda0239066b545865791c18e801a2,
        type: 3}
      propertyPath: m_LocalEulerAnglesHint.z
      value: 0
      objectReference: {fileID: 0}
    - target: {fileID: 3315036648559743786, guid: c4cdda0239066b545865791c18e801a2,
        type: 3}
      propertyPath: m_LocalScale.x
      value: 1
      objectReference: {fileID: 0}
    - target: {fileID: 3315036648559743786, guid: c4cdda0239066b545865791c18e801a2,
        type: 3}
      propertyPath: m_LocalScale.z
      value: 1
      objectReference: {fileID: 0}
    m_RemovedComponents: []
  m_SourcePrefab: {fileID: 100100000, guid: c4cdda0239066b545865791c18e801a2, type: 3}
--- !u!4 &2990848417300762241 stripped
Transform:
  m_CorrespondingSourceObject: {fileID: 3315036648559743786, guid: c4cdda0239066b545865791c18e801a2,
    type: 3}
  m_PrefabInstance: {fileID: 540643673760488875}
  m_PrefabAsset: {fileID: 0}
--- !u!1001 &540643673795025110
PrefabInstance:
  m_ObjectHideFlags: 0
  serializedVersion: 2
  m_Modification:
    m_TransformParent: {fileID: 3922161095212838545}
    m_Modifications:
    - target: {fileID: 8406345135065018746, guid: 58730593a90cfb34c85bb4216ba8b562,
        type: 3}
      propertyPath: m_Name
      value: Light_4 (6)
      objectReference: {fileID: 0}
    - target: {fileID: 9215076153043348416, guid: 58730593a90cfb34c85bb4216ba8b562,
        type: 3}
      propertyPath: m_LocalPosition.x
      value: 0.32899475
      objectReference: {fileID: 0}
    - target: {fileID: 9215076153043348416, guid: 58730593a90cfb34c85bb4216ba8b562,
        type: 3}
      propertyPath: m_LocalPosition.y
      value: 3.422999
      objectReference: {fileID: 0}
    - target: {fileID: 9215076153043348416, guid: 58730593a90cfb34c85bb4216ba8b562,
        type: 3}
      propertyPath: m_LocalPosition.z
      value: 2.9492116
      objectReference: {fileID: 0}
    - target: {fileID: 9215076153043348416, guid: 58730593a90cfb34c85bb4216ba8b562,
        type: 3}
      propertyPath: m_LocalRotation.x
      value: -0
      objectReference: {fileID: 0}
    - target: {fileID: 9215076153043348416, guid: 58730593a90cfb34c85bb4216ba8b562,
        type: 3}
      propertyPath: m_LocalRotation.y
      value: 1
      objectReference: {fileID: 0}
    - target: {fileID: 9215076153043348416, guid: 58730593a90cfb34c85bb4216ba8b562,
        type: 3}
      propertyPath: m_LocalRotation.z
      value: -0
      objectReference: {fileID: 0}
    - target: {fileID: 9215076153043348416, guid: 58730593a90cfb34c85bb4216ba8b562,
        type: 3}
      propertyPath: m_LocalRotation.w
      value: 0
      objectReference: {fileID: 0}
    - target: {fileID: 9215076153043348416, guid: 58730593a90cfb34c85bb4216ba8b562,
        type: 3}
      propertyPath: m_RootOrder
      value: 23
      objectReference: {fileID: 0}
    - target: {fileID: 9215076153043348416, guid: 58730593a90cfb34c85bb4216ba8b562,
        type: 3}
      propertyPath: m_LocalEulerAnglesHint.x
      value: 0
      objectReference: {fileID: 0}
    - target: {fileID: 9215076153043348416, guid: 58730593a90cfb34c85bb4216ba8b562,
        type: 3}
      propertyPath: m_LocalEulerAnglesHint.y
      value: 180
      objectReference: {fileID: 0}
    - target: {fileID: 9215076153043348416, guid: 58730593a90cfb34c85bb4216ba8b562,
        type: 3}
      propertyPath: m_LocalEulerAnglesHint.z
      value: 0
      objectReference: {fileID: 0}
    m_RemovedComponents: []
  m_SourcePrefab: {fileID: 100100000, guid: 58730593a90cfb34c85bb4216ba8b562, type: 3}
--- !u!4 &8674573341510546198 stripped
Transform:
  m_CorrespondingSourceObject: {fileID: 9215076153043348416, guid: 58730593a90cfb34c85bb4216ba8b562,
    type: 3}
  m_PrefabInstance: {fileID: 540643673795025110}
  m_PrefabAsset: {fileID: 0}
--- !u!1001 &540643674099862286
PrefabInstance:
  m_ObjectHideFlags: 0
  serializedVersion: 2
  m_Modification:
    m_TransformParent: {fileID: 3922161095212838545}
    m_Modifications:
    - target: {fileID: 8406345135065018746, guid: 58730593a90cfb34c85bb4216ba8b562,
        type: 3}
      propertyPath: m_Name
      value: Light_4 (5)
      objectReference: {fileID: 0}
    - target: {fileID: 9215076153043348416, guid: 58730593a90cfb34c85bb4216ba8b562,
        type: 3}
      propertyPath: m_LocalPosition.x
      value: -0.7060013
      objectReference: {fileID: 0}
    - target: {fileID: 9215076153043348416, guid: 58730593a90cfb34c85bb4216ba8b562,
        type: 3}
      propertyPath: m_LocalPosition.y
      value: 3.422999
      objectReference: {fileID: 0}
    - target: {fileID: 9215076153043348416, guid: 58730593a90cfb34c85bb4216ba8b562,
        type: 3}
      propertyPath: m_LocalPosition.z
      value: 2.9492116
      objectReference: {fileID: 0}
    - target: {fileID: 9215076153043348416, guid: 58730593a90cfb34c85bb4216ba8b562,
        type: 3}
      propertyPath: m_LocalRotation.x
      value: -0
      objectReference: {fileID: 0}
    - target: {fileID: 9215076153043348416, guid: 58730593a90cfb34c85bb4216ba8b562,
        type: 3}
      propertyPath: m_LocalRotation.y
      value: 1
      objectReference: {fileID: 0}
    - target: {fileID: 9215076153043348416, guid: 58730593a90cfb34c85bb4216ba8b562,
        type: 3}
      propertyPath: m_LocalRotation.z
      value: -0
      objectReference: {fileID: 0}
    - target: {fileID: 9215076153043348416, guid: 58730593a90cfb34c85bb4216ba8b562,
        type: 3}
      propertyPath: m_LocalRotation.w
      value: 0
      objectReference: {fileID: 0}
    - target: {fileID: 9215076153043348416, guid: 58730593a90cfb34c85bb4216ba8b562,
        type: 3}
      propertyPath: m_RootOrder
      value: 13
      objectReference: {fileID: 0}
    - target: {fileID: 9215076153043348416, guid: 58730593a90cfb34c85bb4216ba8b562,
        type: 3}
      propertyPath: m_LocalEulerAnglesHint.x
      value: 0
      objectReference: {fileID: 0}
    - target: {fileID: 9215076153043348416, guid: 58730593a90cfb34c85bb4216ba8b562,
        type: 3}
      propertyPath: m_LocalEulerAnglesHint.y
      value: 180
      objectReference: {fileID: 0}
    - target: {fileID: 9215076153043348416, guid: 58730593a90cfb34c85bb4216ba8b562,
        type: 3}
      propertyPath: m_LocalEulerAnglesHint.z
      value: 0
      objectReference: {fileID: 0}
    m_RemovedComponents: []
  m_SourcePrefab: {fileID: 100100000, guid: 58730593a90cfb34c85bb4216ba8b562, type: 3}
--- !u!4 &8674573342077526222 stripped
Transform:
  m_CorrespondingSourceObject: {fileID: 9215076153043348416, guid: 58730593a90cfb34c85bb4216ba8b562,
    type: 3}
  m_PrefabInstance: {fileID: 540643674099862286}
  m_PrefabAsset: {fileID: 0}
--- !u!1001 &540643674160805032
PrefabInstance:
  m_ObjectHideFlags: 0
  serializedVersion: 2
  m_Modification:
    m_TransformParent: {fileID: 3922161095212838545}
    m_Modifications:
    - target: {fileID: 8406345135065018746, guid: 58730593a90cfb34c85bb4216ba8b562,
        type: 3}
      propertyPath: m_Name
      value: Light_4 (1)
      objectReference: {fileID: 0}
    - target: {fileID: 9215076153043348416, guid: 58730593a90cfb34c85bb4216ba8b562,
        type: 3}
      propertyPath: m_LocalPosition.x
      value: -2.9411469
      objectReference: {fileID: 0}
    - target: {fileID: 9215076153043348416, guid: 58730593a90cfb34c85bb4216ba8b562,
        type: 3}
      propertyPath: m_LocalPosition.y
      value: 3.422999
      objectReference: {fileID: 0}
    - target: {fileID: 9215076153043348416, guid: 58730593a90cfb34c85bb4216ba8b562,
        type: 3}
      propertyPath: m_LocalPosition.z
      value: -1.6390004
      objectReference: {fileID: 0}
    - target: {fileID: 9215076153043348416, guid: 58730593a90cfb34c85bb4216ba8b562,
        type: 3}
      propertyPath: m_LocalRotation.x
      value: -0
      objectReference: {fileID: 0}
    - target: {fileID: 9215076153043348416, guid: 58730593a90cfb34c85bb4216ba8b562,
        type: 3}
      propertyPath: m_LocalRotation.y
      value: 0.7071068
      objectReference: {fileID: 0}
    - target: {fileID: 9215076153043348416, guid: 58730593a90cfb34c85bb4216ba8b562,
        type: 3}
      propertyPath: m_LocalRotation.z
      value: -0
      objectReference: {fileID: 0}
    - target: {fileID: 9215076153043348416, guid: 58730593a90cfb34c85bb4216ba8b562,
        type: 3}
      propertyPath: m_LocalRotation.w
      value: 0.7071068
      objectReference: {fileID: 0}
    - target: {fileID: 9215076153043348416, guid: 58730593a90cfb34c85bb4216ba8b562,
        type: 3}
      propertyPath: m_RootOrder
      value: 20
      objectReference: {fileID: 0}
    - target: {fileID: 9215076153043348416, guid: 58730593a90cfb34c85bb4216ba8b562,
        type: 3}
      propertyPath: m_LocalEulerAnglesHint.x
      value: 0
      objectReference: {fileID: 0}
    - target: {fileID: 9215076153043348416, guid: 58730593a90cfb34c85bb4216ba8b562,
        type: 3}
      propertyPath: m_LocalEulerAnglesHint.y
      value: 90
      objectReference: {fileID: 0}
    - target: {fileID: 9215076153043348416, guid: 58730593a90cfb34c85bb4216ba8b562,
        type: 3}
      propertyPath: m_LocalEulerAnglesHint.z
      value: 0
      objectReference: {fileID: 0}
    - target: {fileID: 9215076153043348416, guid: 58730593a90cfb34c85bb4216ba8b562,
        type: 3}
      propertyPath: m_LocalScale.x
      value: 1
      objectReference: {fileID: 0}
    - target: {fileID: 9215076153043348416, guid: 58730593a90cfb34c85bb4216ba8b562,
        type: 3}
      propertyPath: m_LocalScale.z
      value: 1
      objectReference: {fileID: 0}
    m_RemovedComponents: []
  m_SourcePrefab: {fileID: 100100000, guid: 58730593a90cfb34c85bb4216ba8b562, type: 3}
--- !u!4 &8674573342138228584 stripped
Transform:
  m_CorrespondingSourceObject: {fileID: 9215076153043348416, guid: 58730593a90cfb34c85bb4216ba8b562,
    type: 3}
  m_PrefabInstance: {fileID: 540643674160805032}
  m_PrefabAsset: {fileID: 0}
--- !u!1001 &540643674258972747
PrefabInstance:
  m_ObjectHideFlags: 0
  serializedVersion: 2
  m_Modification:
    m_TransformParent: {fileID: 3922161095212838545}
    m_Modifications:
    - target: {fileID: 8406345135065018746, guid: 58730593a90cfb34c85bb4216ba8b562,
        type: 3}
      propertyPath: m_Name
      value: Light_4 (4)
      objectReference: {fileID: 0}
    - target: {fileID: 9215076153043348416, guid: 58730593a90cfb34c85bb4216ba8b562,
        type: 3}
      propertyPath: m_LocalPosition.x
      value: -2.0210037
      objectReference: {fileID: 0}
    - target: {fileID: 9215076153043348416, guid: 58730593a90cfb34c85bb4216ba8b562,
        type: 3}
      propertyPath: m_LocalPosition.y
      value: 3.422999
      objectReference: {fileID: 0}
    - target: {fileID: 9215076153043348416, guid: 58730593a90cfb34c85bb4216ba8b562,
        type: 3}
      propertyPath: m_LocalPosition.z
      value: 0.97758865
      objectReference: {fileID: 0}
    - target: {fileID: 9215076153043348416, guid: 58730593a90cfb34c85bb4216ba8b562,
        type: 3}
      propertyPath: m_LocalRotation.x
      value: -0
      objectReference: {fileID: 0}
    - target: {fileID: 9215076153043348416, guid: 58730593a90cfb34c85bb4216ba8b562,
        type: 3}
      propertyPath: m_LocalRotation.y
      value: 1
      objectReference: {fileID: 0}
    - target: {fileID: 9215076153043348416, guid: 58730593a90cfb34c85bb4216ba8b562,
        type: 3}
      propertyPath: m_LocalRotation.z
      value: -0
      objectReference: {fileID: 0}
    - target: {fileID: 9215076153043348416, guid: 58730593a90cfb34c85bb4216ba8b562,
        type: 3}
      propertyPath: m_LocalRotation.w
      value: 0
      objectReference: {fileID: 0}
    - target: {fileID: 9215076153043348416, guid: 58730593a90cfb34c85bb4216ba8b562,
        type: 3}
      propertyPath: m_RootOrder
      value: 14
      objectReference: {fileID: 0}
    - target: {fileID: 9215076153043348416, guid: 58730593a90cfb34c85bb4216ba8b562,
        type: 3}
      propertyPath: m_LocalEulerAnglesHint.x
      value: 0
      objectReference: {fileID: 0}
    - target: {fileID: 9215076153043348416, guid: 58730593a90cfb34c85bb4216ba8b562,
        type: 3}
      propertyPath: m_LocalEulerAnglesHint.y
      value: 180
      objectReference: {fileID: 0}
    - target: {fileID: 9215076153043348416, guid: 58730593a90cfb34c85bb4216ba8b562,
        type: 3}
      propertyPath: m_LocalEulerAnglesHint.z
      value: 0
      objectReference: {fileID: 0}
    m_RemovedComponents: []
  m_SourcePrefab: {fileID: 100100000, guid: 58730593a90cfb34c85bb4216ba8b562, type: 3}
--- !u!4 &8674573341968223115 stripped
Transform:
  m_CorrespondingSourceObject: {fileID: 9215076153043348416, guid: 58730593a90cfb34c85bb4216ba8b562,
    type: 3}
  m_PrefabInstance: {fileID: 540643674258972747}
  m_PrefabAsset: {fileID: 0}
--- !u!1001 &540643674320107157
PrefabInstance:
  m_ObjectHideFlags: 0
  serializedVersion: 2
  m_Modification:
    m_TransformParent: {fileID: 3922161095212838545}
    m_Modifications:
    - target: {fileID: 2319679977880894482, guid: 815caeca7c6f16246885a1e2df0cc026,
        type: 3}
      propertyPath: m_Name
      value: Light_1 (1)
      objectReference: {fileID: 0}
    - target: {fileID: 3133089215988721320, guid: 815caeca7c6f16246885a1e2df0cc026,
        type: 3}
      propertyPath: m_LocalPosition.x
      value: 1.9599991
      objectReference: {fileID: 0}
    - target: {fileID: 3133089215988721320, guid: 815caeca7c6f16246885a1e2df0cc026,
        type: 3}
      propertyPath: m_LocalPosition.y
      value: 3.967874
      objectReference: {fileID: 0}
    - target: {fileID: 3133089215988721320, guid: 815caeca7c6f16246885a1e2df0cc026,
        type: 3}
      propertyPath: m_LocalPosition.z
      value: 1.0609999
      objectReference: {fileID: 0}
    - target: {fileID: 3133089215988721320, guid: 815caeca7c6f16246885a1e2df0cc026,
        type: 3}
      propertyPath: m_LocalRotation.x
      value: -0
      objectReference: {fileID: 0}
    - target: {fileID: 3133089215988721320, guid: 815caeca7c6f16246885a1e2df0cc026,
        type: 3}
      propertyPath: m_LocalRotation.y
      value: -0
      objectReference: {fileID: 0}
    - target: {fileID: 3133089215988721320, guid: 815caeca7c6f16246885a1e2df0cc026,
        type: 3}
      propertyPath: m_LocalRotation.z
      value: -0
      objectReference: {fileID: 0}
    - target: {fileID: 3133089215988721320, guid: 815caeca7c6f16246885a1e2df0cc026,
        type: 3}
      propertyPath: m_LocalRotation.w
      value: 1
      objectReference: {fileID: 0}
    - target: {fileID: 3133089215988721320, guid: 815caeca7c6f16246885a1e2df0cc026,
        type: 3}
      propertyPath: m_RootOrder
      value: 17
      objectReference: {fileID: 0}
    - target: {fileID: 3133089215988721320, guid: 815caeca7c6f16246885a1e2df0cc026,
        type: 3}
      propertyPath: m_LocalEulerAnglesHint.x
      value: 0
      objectReference: {fileID: 0}
    - target: {fileID: 3133089215988721320, guid: 815caeca7c6f16246885a1e2df0cc026,
        type: 3}
      propertyPath: m_LocalEulerAnglesHint.y
      value: 0
      objectReference: {fileID: 0}
    - target: {fileID: 3133089215988721320, guid: 815caeca7c6f16246885a1e2df0cc026,
        type: 3}
      propertyPath: m_LocalEulerAnglesHint.z
      value: 0
      objectReference: {fileID: 0}
    m_RemovedComponents: []
  m_SourcePrefab: {fileID: 100100000, guid: 815caeca7c6f16246885a1e2df0cc026, type: 3}
--- !u!4 &3240965023135436861 stripped
Transform:
  m_CorrespondingSourceObject: {fileID: 3133089215988721320, guid: 815caeca7c6f16246885a1e2df0cc026,
    type: 3}
  m_PrefabInstance: {fileID: 540643674320107157}
  m_PrefabAsset: {fileID: 0}
--- !u!1001 &540643674449664992
PrefabInstance:
  m_ObjectHideFlags: 0
  serializedVersion: 2
  m_Modification:
    m_TransformParent: {fileID: 3922161095212838545}
    m_Modifications:
    - target: {fileID: 3812937240695867806, guid: 10377493252cabb44aec79603f32eda9,
        type: 3}
      propertyPath: m_LocalPosition.x
      value: 2.3529968
      objectReference: {fileID: 0}
    - target: {fileID: 3812937240695867806, guid: 10377493252cabb44aec79603f32eda9,
        type: 3}
      propertyPath: m_LocalPosition.y
      value: 0.049550027
      objectReference: {fileID: 0}
    - target: {fileID: 3812937240695867806, guid: 10377493252cabb44aec79603f32eda9,
        type: 3}
      propertyPath: m_LocalPosition.z
      value: 1.8509998
      objectReference: {fileID: 0}
    - target: {fileID: 3812937240695867806, guid: 10377493252cabb44aec79603f32eda9,
        type: 3}
      propertyPath: m_LocalRotation.x
      value: -0
      objectReference: {fileID: 0}
    - target: {fileID: 3812937240695867806, guid: 10377493252cabb44aec79603f32eda9,
        type: 3}
      propertyPath: m_LocalRotation.y
      value: -0
      objectReference: {fileID: 0}
    - target: {fileID: 3812937240695867806, guid: 10377493252cabb44aec79603f32eda9,
        type: 3}
      propertyPath: m_LocalRotation.z
      value: -0
      objectReference: {fileID: 0}
    - target: {fileID: 3812937240695867806, guid: 10377493252cabb44aec79603f32eda9,
        type: 3}
      propertyPath: m_LocalRotation.w
      value: 1
      objectReference: {fileID: 0}
    - target: {fileID: 3812937240695867806, guid: 10377493252cabb44aec79603f32eda9,
        type: 3}
      propertyPath: m_RootOrder
      value: 8
      objectReference: {fileID: 0}
    - target: {fileID: 3812937240695867806, guid: 10377493252cabb44aec79603f32eda9,
        type: 3}
      propertyPath: m_LocalEulerAnglesHint.x
      value: 0
      objectReference: {fileID: 0}
    - target: {fileID: 3812937240695867806, guid: 10377493252cabb44aec79603f32eda9,
        type: 3}
      propertyPath: m_LocalEulerAnglesHint.y
      value: 0
      objectReference: {fileID: 0}
    - target: {fileID: 3812937240695867806, guid: 10377493252cabb44aec79603f32eda9,
        type: 3}
      propertyPath: m_LocalEulerAnglesHint.z
      value: 0
      objectReference: {fileID: 0}
    - target: {fileID: 4585111489919669028, guid: 10377493252cabb44aec79603f32eda9,
        type: 3}
      propertyPath: m_Name
      value: Table_4
      objectReference: {fileID: 0}
    m_RemovedComponents: []
  m_SourcePrefab: {fileID: 100100000, guid: 10377493252cabb44aec79603f32eda9, type: 3}
--- !u!4 &3704921773719638654 stripped
Transform:
  m_CorrespondingSourceObject: {fileID: 3812937240695867806, guid: 10377493252cabb44aec79603f32eda9,
    type: 3}
  m_PrefabInstance: {fileID: 540643674449664992}
  m_PrefabAsset: {fileID: 0}
--- !u!1001 &540643674457366435
PrefabInstance:
  m_ObjectHideFlags: 0
  serializedVersion: 2
  m_Modification:
    m_TransformParent: {fileID: 3922161095212838545}
    m_Modifications:
    - target: {fileID: 2687154638234208656, guid: c4cdda0239066b545865791c18e801a2,
        type: 3}
      propertyPath: m_Name
      value: Chair_5
      objectReference: {fileID: 0}
    - target: {fileID: 3315036648559743786, guid: c4cdda0239066b545865791c18e801a2,
        type: 3}
      propertyPath: m_LocalPosition.x
      value: -2.4672318
      objectReference: {fileID: 0}
    - target: {fileID: 3315036648559743786, guid: c4cdda0239066b545865791c18e801a2,
        type: 3}
      propertyPath: m_LocalPosition.y
      value: 0.049548507
      objectReference: {fileID: 0}
    - target: {fileID: 3315036648559743786, guid: c4cdda0239066b545865791c18e801a2,
        type: 3}
      propertyPath: m_LocalPosition.z
      value: -1.2977872
      objectReference: {fileID: 0}
    - target: {fileID: 3315036648559743786, guid: c4cdda0239066b545865791c18e801a2,
        type: 3}
      propertyPath: m_LocalRotation.x
      value: -0
      objectReference: {fileID: 0}
    - target: {fileID: 3315036648559743786, guid: c4cdda0239066b545865791c18e801a2,
        type: 3}
      propertyPath: m_LocalRotation.y
      value: -0
      objectReference: {fileID: 0}
    - target: {fileID: 3315036648559743786, guid: c4cdda0239066b545865791c18e801a2,
        type: 3}
      propertyPath: m_LocalRotation.z
      value: -0
      objectReference: {fileID: 0}
    - target: {fileID: 3315036648559743786, guid: c4cdda0239066b545865791c18e801a2,
        type: 3}
      propertyPath: m_LocalRotation.w
      value: 1
      objectReference: {fileID: 0}
    - target: {fileID: 3315036648559743786, guid: c4cdda0239066b545865791c18e801a2,
        type: 3}
      propertyPath: m_RootOrder
      value: 10
      objectReference: {fileID: 0}
    - target: {fileID: 3315036648559743786, guid: c4cdda0239066b545865791c18e801a2,
        type: 3}
      propertyPath: m_LocalEulerAnglesHint.x
      value: 0
      objectReference: {fileID: 0}
    - target: {fileID: 3315036648559743786, guid: c4cdda0239066b545865791c18e801a2,
        type: 3}
      propertyPath: m_LocalEulerAnglesHint.y
      value: 0
      objectReference: {fileID: 0}
    - target: {fileID: 3315036648559743786, guid: c4cdda0239066b545865791c18e801a2,
        type: 3}
      propertyPath: m_LocalEulerAnglesHint.z
      value: 0
      objectReference: {fileID: 0}
    m_RemovedComponents: []
  m_SourcePrefab: {fileID: 100100000, guid: c4cdda0239066b545865791c18e801a2, type: 3}
--- !u!4 &2990848417679920265 stripped
Transform:
  m_CorrespondingSourceObject: {fileID: 3315036648559743786, guid: c4cdda0239066b545865791c18e801a2,
    type: 3}
  m_PrefabInstance: {fileID: 540643674457366435}
  m_PrefabAsset: {fileID: 0}
--- !u!1001 &540643674484828517
PrefabInstance:
  m_ObjectHideFlags: 0
  serializedVersion: 2
  m_Modification:
    m_TransformParent: {fileID: 3922161095212838545}
    m_Modifications:
    - target: {fileID: 2687154638234208656, guid: c4cdda0239066b545865791c18e801a2,
        type: 3}
      propertyPath: m_Name
      value: Chair_5 (3)
      objectReference: {fileID: 0}
    - target: {fileID: 3315036648559743786, guid: c4cdda0239066b545865791c18e801a2,
        type: 3}
      propertyPath: m_LocalPosition.x
      value: -1.5289993
      objectReference: {fileID: 0}
    - target: {fileID: 3315036648559743786, guid: c4cdda0239066b545865791c18e801a2,
        type: 3}
      propertyPath: m_LocalPosition.y
      value: 0.049549103
      objectReference: {fileID: 0}
    - target: {fileID: 3315036648559743786, guid: c4cdda0239066b545865791c18e801a2,
        type: 3}
      propertyPath: m_LocalPosition.z
      value: 0.19132233
      objectReference: {fileID: 0}
    - target: {fileID: 3315036648559743786, guid: c4cdda0239066b545865791c18e801a2,
        type: 3}
      propertyPath: m_LocalRotation.x
      value: -0
      objectReference: {fileID: 0}
    - target: {fileID: 3315036648559743786, guid: c4cdda0239066b545865791c18e801a2,
        type: 3}
      propertyPath: m_LocalRotation.y
      value: 0.99898696
      objectReference: {fileID: 0}
    - target: {fileID: 3315036648559743786, guid: c4cdda0239066b545865791c18e801a2,
        type: 3}
      propertyPath: m_LocalRotation.z
      value: -0
      objectReference: {fileID: 0}
    - target: {fileID: 3315036648559743786, guid: c4cdda0239066b545865791c18e801a2,
        type: 3}
      propertyPath: m_LocalRotation.w
      value: 0.045001846
      objectReference: {fileID: 0}
    - target: {fileID: 3315036648559743786, guid: c4cdda0239066b545865791c18e801a2,
        type: 3}
      propertyPath: m_RootOrder
      value: 26
      objectReference: {fileID: 0}
    - target: {fileID: 3315036648559743786, guid: c4cdda0239066b545865791c18e801a2,
        type: 3}
      propertyPath: m_LocalEulerAnglesHint.x
      value: 0
      objectReference: {fileID: 0}
    - target: {fileID: 3315036648559743786, guid: c4cdda0239066b545865791c18e801a2,
        type: 3}
      propertyPath: m_LocalEulerAnglesHint.y
      value: 174.841
      objectReference: {fileID: 0}
    - target: {fileID: 3315036648559743786, guid: c4cdda0239066b545865791c18e801a2,
        type: 3}
      propertyPath: m_LocalEulerAnglesHint.z
      value: 0
      objectReference: {fileID: 0}
    - target: {fileID: 3315036648559743786, guid: c4cdda0239066b545865791c18e801a2,
        type: 3}
      propertyPath: m_LocalScale.x
      value: 1
      objectReference: {fileID: 0}
    - target: {fileID: 3315036648559743786, guid: c4cdda0239066b545865791c18e801a2,
        type: 3}
      propertyPath: m_LocalScale.z
      value: 1
      objectReference: {fileID: 0}
    m_RemovedComponents: []
  m_SourcePrefab: {fileID: 100100000, guid: c4cdda0239066b545865791c18e801a2, type: 3}
--- !u!4 &2990848417690090063 stripped
Transform:
  m_CorrespondingSourceObject: {fileID: 3315036648559743786, guid: c4cdda0239066b545865791c18e801a2,
    type: 3}
  m_PrefabInstance: {fileID: 540643674484828517}
  m_PrefabAsset: {fileID: 0}
--- !u!1001 &540643674546822515
PrefabInstance:
  m_ObjectHideFlags: 0
  serializedVersion: 2
  m_Modification:
    m_TransformParent: {fileID: 3922161095212838545}
    m_Modifications:
    - target: {fileID: 3674967825245926322, guid: 7a36679f90e249040b66aeb809e97e3b,
        type: 3}
      propertyPath: m_LocalPosition.x
      value: -2.6881561
      objectReference: {fileID: 0}
    - target: {fileID: 3674967825245926322, guid: 7a36679f90e249040b66aeb809e97e3b,
        type: 3}
      propertyPath: m_LocalPosition.y
      value: 1.0495473
      objectReference: {fileID: 0}
    - target: {fileID: 3674967825245926322, guid: 7a36679f90e249040b66aeb809e97e3b,
        type: 3}
      propertyPath: m_LocalPosition.z
      value: -2.283667
      objectReference: {fileID: 0}
    - target: {fileID: 3674967825245926322, guid: 7a36679f90e249040b66aeb809e97e3b,
        type: 3}
      propertyPath: m_LocalRotation.x
      value: -0
      objectReference: {fileID: 0}
    - target: {fileID: 3674967825245926322, guid: 7a36679f90e249040b66aeb809e97e3b,
        type: 3}
      propertyPath: m_LocalRotation.y
      value: -0
      objectReference: {fileID: 0}
    - target: {fileID: 3674967825245926322, guid: 7a36679f90e249040b66aeb809e97e3b,
        type: 3}
      propertyPath: m_LocalRotation.z
      value: -0
      objectReference: {fileID: 0}
    - target: {fileID: 3674967825245926322, guid: 7a36679f90e249040b66aeb809e97e3b,
        type: 3}
      propertyPath: m_LocalRotation.w
      value: 1
      objectReference: {fileID: 0}
    - target: {fileID: 3674967825245926322, guid: 7a36679f90e249040b66aeb809e97e3b,
        type: 3}
      propertyPath: m_RootOrder
      value: 11
      objectReference: {fileID: 0}
    - target: {fileID: 3674967825245926322, guid: 7a36679f90e249040b66aeb809e97e3b,
        type: 3}
      propertyPath: m_LocalEulerAnglesHint.x
      value: 0
      objectReference: {fileID: 0}
    - target: {fileID: 3674967825245926322, guid: 7a36679f90e249040b66aeb809e97e3b,
        type: 3}
      propertyPath: m_LocalEulerAnglesHint.y
      value: 0
      objectReference: {fileID: 0}
    - target: {fileID: 3674967825245926322, guid: 7a36679f90e249040b66aeb809e97e3b,
        type: 3}
      propertyPath: m_LocalEulerAnglesHint.z
      value: 0
      objectReference: {fileID: 0}
    - target: {fileID: 4056559539908356360, guid: 7a36679f90e249040b66aeb809e97e3b,
        type: 3}
      propertyPath: m_Name
      value: Flower_3_1
      objectReference: {fileID: 0}
    m_RemovedComponents: []
  m_SourcePrefab: {fileID: 100100000, guid: 7a36679f90e249040b66aeb809e97e3b, type: 3}
--- !u!4 &3783264800342617793 stripped
Transform:
  m_CorrespondingSourceObject: {fileID: 3674967825245926322, guid: 7a36679f90e249040b66aeb809e97e3b,
    type: 3}
  m_PrefabInstance: {fileID: 540643674546822515}
  m_PrefabAsset: {fileID: 0}
--- !u!1001 &540643674822259362
PrefabInstance:
  m_ObjectHideFlags: 0
  serializedVersion: 2
  m_Modification:
    m_TransformParent: {fileID: 3922161095212838545}
    m_Modifications:
    - target: {fileID: 8406345135065018746, guid: 58730593a90cfb34c85bb4216ba8b562,
        type: 3}
      propertyPath: m_Name
      value: Light_4 (3)
      objectReference: {fileID: 0}
    - target: {fileID: 9215076153043348416, guid: 58730593a90cfb34c85bb4216ba8b562,
        type: 3}
      propertyPath: m_LocalPosition.x
      value: -2.9411469
      objectReference: {fileID: 0}
    - target: {fileID: 9215076153043348416, guid: 58730593a90cfb34c85bb4216ba8b562,
        type: 3}
      propertyPath: m_LocalPosition.y
      value: 3.422999
      objectReference: {fileID: 0}
    - target: {fileID: 9215076153043348416, guid: 58730593a90cfb34c85bb4216ba8b562,
        type: 3}
      propertyPath: m_LocalPosition.z
      value: 0.546
      objectReference: {fileID: 0}
    - target: {fileID: 9215076153043348416, guid: 58730593a90cfb34c85bb4216ba8b562,
        type: 3}
      propertyPath: m_LocalRotation.x
      value: -0
      objectReference: {fileID: 0}
    - target: {fileID: 9215076153043348416, guid: 58730593a90cfb34c85bb4216ba8b562,
        type: 3}
      propertyPath: m_LocalRotation.y
      value: 0.7071068
      objectReference: {fileID: 0}
    - target: {fileID: 9215076153043348416, guid: 58730593a90cfb34c85bb4216ba8b562,
        type: 3}
      propertyPath: m_LocalRotation.z
      value: -0
      objectReference: {fileID: 0}
    - target: {fileID: 9215076153043348416, guid: 58730593a90cfb34c85bb4216ba8b562,
        type: 3}
      propertyPath: m_LocalRotation.w
      value: 0.7071068
      objectReference: {fileID: 0}
    - target: {fileID: 9215076153043348416, guid: 58730593a90cfb34c85bb4216ba8b562,
        type: 3}
      propertyPath: m_RootOrder
      value: 22
      objectReference: {fileID: 0}
    - target: {fileID: 9215076153043348416, guid: 58730593a90cfb34c85bb4216ba8b562,
        type: 3}
      propertyPath: m_LocalEulerAnglesHint.x
      value: 0
      objectReference: {fileID: 0}
    - target: {fileID: 9215076153043348416, guid: 58730593a90cfb34c85bb4216ba8b562,
        type: 3}
      propertyPath: m_LocalEulerAnglesHint.y
      value: 90
      objectReference: {fileID: 0}
    - target: {fileID: 9215076153043348416, guid: 58730593a90cfb34c85bb4216ba8b562,
        type: 3}
      propertyPath: m_LocalEulerAnglesHint.z
      value: 0
      objectReference: {fileID: 0}
    - target: {fileID: 9215076153043348416, guid: 58730593a90cfb34c85bb4216ba8b562,
        type: 3}
      propertyPath: m_LocalScale.x
      value: 1
      objectReference: {fileID: 0}
    - target: {fileID: 9215076153043348416, guid: 58730593a90cfb34c85bb4216ba8b562,
        type: 3}
      propertyPath: m_LocalScale.z
      value: 1
      objectReference: {fileID: 0}
    m_RemovedComponents: []
  m_SourcePrefab: {fileID: 100100000, guid: 58730593a90cfb34c85bb4216ba8b562, type: 3}
--- !u!4 &8674573342529149282 stripped
Transform:
  m_CorrespondingSourceObject: {fileID: 9215076153043348416, guid: 58730593a90cfb34c85bb4216ba8b562,
    type: 3}
  m_PrefabInstance: {fileID: 540643674822259362}
  m_PrefabAsset: {fileID: 0}
--- !u!1001 &540643674949310178
PrefabInstance:
  m_ObjectHideFlags: 0
  serializedVersion: 2
  m_Modification:
    m_TransformParent: {fileID: 3922161095212838545}
    m_Modifications:
    - target: {fileID: 1494126565375686920, guid: 426bd4edaa61af149a61c6216c70a743,
        type: 3}
      propertyPath: m_LocalPosition.x
      value: 2.625
      objectReference: {fileID: 0}
    - target: {fileID: 1494126565375686920, guid: 426bd4edaa61af149a61c6216c70a743,
        type: 3}
      propertyPath: m_LocalPosition.y
      value: 0.04954964
      objectReference: {fileID: 0}
    - target: {fileID: 1494126565375686920, guid: 426bd4edaa61af149a61c6216c70a743,
        type: 3}
      propertyPath: m_LocalPosition.z
      value: 0.9119997
      objectReference: {fileID: 0}
    - target: {fileID: 1494126565375686920, guid: 426bd4edaa61af149a61c6216c70a743,
        type: 3}
      propertyPath: m_LocalRotation.x
      value: -0
      objectReference: {fileID: 0}
    - target: {fileID: 1494126565375686920, guid: 426bd4edaa61af149a61c6216c70a743,
        type: 3}
      propertyPath: m_LocalRotation.y
      value: -0
      objectReference: {fileID: 0}
    - target: {fileID: 1494126565375686920, guid: 426bd4edaa61af149a61c6216c70a743,
        type: 3}
      propertyPath: m_LocalRotation.z
      value: -0
      objectReference: {fileID: 0}
    - target: {fileID: 1494126565375686920, guid: 426bd4edaa61af149a61c6216c70a743,
        type: 3}
      propertyPath: m_LocalRotation.w
      value: 1
      objectReference: {fileID: 0}
    - target: {fileID: 1494126565375686920, guid: 426bd4edaa61af149a61c6216c70a743,
        type: 3}
      propertyPath: m_RootOrder
      value: 7
      objectReference: {fileID: 0}
    - target: {fileID: 1494126565375686920, guid: 426bd4edaa61af149a61c6216c70a743,
        type: 3}
      propertyPath: m_LocalEulerAnglesHint.x
      value: 0
      objectReference: {fileID: 0}
    - target: {fileID: 1494126565375686920, guid: 426bd4edaa61af149a61c6216c70a743,
        type: 3}
      propertyPath: m_LocalEulerAnglesHint.y
      value: 0
      objectReference: {fileID: 0}
    - target: {fileID: 1494126565375686920, guid: 426bd4edaa61af149a61c6216c70a743,
        type: 3}
      propertyPath: m_LocalEulerAnglesHint.z
      value: 0
      objectReference: {fileID: 0}
    - target: {fileID: 2303561099263435698, guid: 426bd4edaa61af149a61c6216c70a743,
        type: 3}
      propertyPath: m_Name
      value: Sofa_2
      objectReference: {fileID: 0}
    m_RemovedComponents: []
  m_SourcePrefab: {fileID: 100100000, guid: 426bd4edaa61af149a61c6216c70a743, type: 3}
--- !u!4 &1386251887469883370 stripped
Transform:
  m_CorrespondingSourceObject: {fileID: 1494126565375686920, guid: 426bd4edaa61af149a61c6216c70a743,
    type: 3}
  m_PrefabInstance: {fileID: 540643674949310178}
  m_PrefabAsset: {fileID: 0}
--- !u!1001 &540643674965851635
PrefabInstance:
  m_ObjectHideFlags: 0
  serializedVersion: 2
  m_Modification:
    m_TransformParent: {fileID: 3922161095212838545}
    m_Modifications:
    - target: {fileID: 1494126565375686920, guid: 426bd4edaa61af149a61c6216c70a743,
        type: 3}
      propertyPath: m_LocalPosition.x
      value: 2.014
      objectReference: {fileID: 0}
    - target: {fileID: 1494126565375686920, guid: 426bd4edaa61af149a61c6216c70a743,
        type: 3}
      propertyPath: m_LocalPosition.y
      value: 0.04954964
      objectReference: {fileID: 0}
    - target: {fileID: 1494126565375686920, guid: 426bd4edaa61af149a61c6216c70a743,
        type: 3}
      propertyPath: m_LocalPosition.z
      value: 0.9119997
      objectReference: {fileID: 0}
    - target: {fileID: 1494126565375686920, guid: 426bd4edaa61af149a61c6216c70a743,
        type: 3}
      propertyPath: m_LocalRotation.x
      value: -0
      objectReference: {fileID: 0}
    - target: {fileID: 1494126565375686920, guid: 426bd4edaa61af149a61c6216c70a743,
        type: 3}
      propertyPath: m_LocalRotation.y
      value: -0
      objectReference: {fileID: 0}
    - target: {fileID: 1494126565375686920, guid: 426bd4edaa61af149a61c6216c70a743,
        type: 3}
      propertyPath: m_LocalRotation.z
      value: -0
      objectReference: {fileID: 0}
    - target: {fileID: 1494126565375686920, guid: 426bd4edaa61af149a61c6216c70a743,
        type: 3}
      propertyPath: m_LocalRotation.w
      value: 1
      objectReference: {fileID: 0}
    - target: {fileID: 1494126565375686920, guid: 426bd4edaa61af149a61c6216c70a743,
        type: 3}
      propertyPath: m_RootOrder
      value: 29
      objectReference: {fileID: 0}
    - target: {fileID: 1494126565375686920, guid: 426bd4edaa61af149a61c6216c70a743,
        type: 3}
      propertyPath: m_LocalEulerAnglesHint.x
      value: 0
      objectReference: {fileID: 0}
    - target: {fileID: 1494126565375686920, guid: 426bd4edaa61af149a61c6216c70a743,
        type: 3}
      propertyPath: m_LocalEulerAnglesHint.y
      value: 0
      objectReference: {fileID: 0}
    - target: {fileID: 1494126565375686920, guid: 426bd4edaa61af149a61c6216c70a743,
        type: 3}
      propertyPath: m_LocalEulerAnglesHint.z
      value: 0
      objectReference: {fileID: 0}
    - target: {fileID: 2303561099263435698, guid: 426bd4edaa61af149a61c6216c70a743,
        type: 3}
      propertyPath: m_Name
      value: Sofa_2 (1)
      objectReference: {fileID: 0}
    m_RemovedComponents: []
  m_SourcePrefab: {fileID: 100100000, guid: 426bd4edaa61af149a61c6216c70a743, type: 3}
--- !u!4 &1386251887553512699 stripped
Transform:
  m_CorrespondingSourceObject: {fileID: 1494126565375686920, guid: 426bd4edaa61af149a61c6216c70a743,
    type: 3}
  m_PrefabInstance: {fileID: 540643674965851635}
  m_PrefabAsset: {fileID: 0}
--- !u!1001 &540643675160881473
PrefabInstance:
  m_ObjectHideFlags: 0
  serializedVersion: 2
  m_Modification:
    m_TransformParent: {fileID: 3922161095212838545}
    m_Modifications:
    - target: {fileID: 8406345135065018746, guid: 58730593a90cfb34c85bb4216ba8b562,
        type: 3}
      propertyPath: m_Name
      value: Light_4 (8)
      objectReference: {fileID: 0}
    - target: {fileID: 9215076153043348416, guid: 58730593a90cfb34c85bb4216ba8b562,
        type: 3}
      propertyPath: m_LocalPosition.x
      value: -0.97759247
      objectReference: {fileID: 0}
    - target: {fileID: 9215076153043348416, guid: 58730593a90cfb34c85bb4216ba8b562,
        type: 3}
      propertyPath: m_LocalPosition.y
      value: 3.422999
      objectReference: {fileID: 0}
    - target: {fileID: 9215076153043348416, guid: 58730593a90cfb34c85bb4216ba8b562,
        type: 3}
      propertyPath: m_LocalPosition.z
      value: 2.0419998
      objectReference: {fileID: 0}
    - target: {fileID: 9215076153043348416, guid: 58730593a90cfb34c85bb4216ba8b562,
        type: 3}
      propertyPath: m_LocalRotation.x
      value: -0
      objectReference: {fileID: 0}
    - target: {fileID: 9215076153043348416, guid: 58730593a90cfb34c85bb4216ba8b562,
        type: 3}
      propertyPath: m_LocalRotation.y
      value: 0.7071068
      objectReference: {fileID: 0}
    - target: {fileID: 9215076153043348416, guid: 58730593a90cfb34c85bb4216ba8b562,
        type: 3}
      propertyPath: m_LocalRotation.z
      value: -0
      objectReference: {fileID: 0}
    - target: {fileID: 9215076153043348416, guid: 58730593a90cfb34c85bb4216ba8b562,
        type: 3}
      propertyPath: m_LocalRotation.w
      value: 0.7071068
      objectReference: {fileID: 0}
    - target: {fileID: 9215076153043348416, guid: 58730593a90cfb34c85bb4216ba8b562,
        type: 3}
      propertyPath: m_RootOrder
      value: 12
      objectReference: {fileID: 0}
    - target: {fileID: 9215076153043348416, guid: 58730593a90cfb34c85bb4216ba8b562,
        type: 3}
      propertyPath: m_LocalEulerAnglesHint.x
      value: 0
      objectReference: {fileID: 0}
    - target: {fileID: 9215076153043348416, guid: 58730593a90cfb34c85bb4216ba8b562,
        type: 3}
      propertyPath: m_LocalEulerAnglesHint.y
      value: 90
      objectReference: {fileID: 0}
    - target: {fileID: 9215076153043348416, guid: 58730593a90cfb34c85bb4216ba8b562,
        type: 3}
      propertyPath: m_LocalEulerAnglesHint.z
      value: 0
      objectReference: {fileID: 0}
    - target: {fileID: 9215076153043348416, guid: 58730593a90cfb34c85bb4216ba8b562,
        type: 3}
      propertyPath: m_LocalScale.x
      value: 1
      objectReference: {fileID: 0}
    - target: {fileID: 9215076153043348416, guid: 58730593a90cfb34c85bb4216ba8b562,
        type: 3}
      propertyPath: m_LocalScale.z
      value: 1
      objectReference: {fileID: 0}
    m_RemovedComponents: []
  m_SourcePrefab: {fileID: 100100000, guid: 58730593a90cfb34c85bb4216ba8b562, type: 3}
--- !u!4 &8674573343146689153 stripped
Transform:
  m_CorrespondingSourceObject: {fileID: 9215076153043348416, guid: 58730593a90cfb34c85bb4216ba8b562,
    type: 3}
  m_PrefabInstance: {fileID: 540643675160881473}
  m_PrefabAsset: {fileID: 0}
--- !u!1001 &540643675214935038
PrefabInstance:
  m_ObjectHideFlags: 0
  serializedVersion: 2
  m_Modification:
    m_TransformParent: {fileID: 3922161095212838545}
    m_Modifications:
    - target: {fileID: 2687154638234208656, guid: c4cdda0239066b545865791c18e801a2,
        type: 3}
      propertyPath: m_Name
      value: Chair_5 (4)
      objectReference: {fileID: 0}
    - target: {fileID: 3315036648559743786, guid: c4cdda0239066b545865791c18e801a2,
        type: 3}
      propertyPath: m_LocalPosition.x
      value: 1.324646
      objectReference: {fileID: 0}
    - target: {fileID: 3315036648559743786, guid: c4cdda0239066b545865791c18e801a2,
        type: 3}
      propertyPath: m_LocalPosition.y
      value: 0.049549103
      objectReference: {fileID: 0}
    - target: {fileID: 3315036648559743786, guid: c4cdda0239066b545865791c18e801a2,
        type: 3}
      propertyPath: m_LocalPosition.z
      value: -1.6430001
      objectReference: {fileID: 0}
    - target: {fileID: 3315036648559743786, guid: c4cdda0239066b545865791c18e801a2,
        type: 3}
      propertyPath: m_LocalRotation.x
      value: -0
      objectReference: {fileID: 0}
    - target: {fileID: 3315036648559743786, guid: c4cdda0239066b545865791c18e801a2,
        type: 3}
      propertyPath: m_LocalRotation.y
      value: 0.99898696
      objectReference: {fileID: 0}
    - target: {fileID: 3315036648559743786, guid: c4cdda0239066b545865791c18e801a2,
        type: 3}
      propertyPath: m_LocalRotation.z
      value: -0
      objectReference: {fileID: 0}
    - target: {fileID: 3315036648559743786, guid: c4cdda0239066b545865791c18e801a2,
        type: 3}
      propertyPath: m_LocalRotation.w
      value: 0.045001846
      objectReference: {fileID: 0}
    - target: {fileID: 3315036648559743786, guid: c4cdda0239066b545865791c18e801a2,
        type: 3}
      propertyPath: m_RootOrder
      value: 27
      objectReference: {fileID: 0}
    - target: {fileID: 3315036648559743786, guid: c4cdda0239066b545865791c18e801a2,
        type: 3}
      propertyPath: m_LocalEulerAnglesHint.x
      value: 0
      objectReference: {fileID: 0}
    - target: {fileID: 3315036648559743786, guid: c4cdda0239066b545865791c18e801a2,
        type: 3}
      propertyPath: m_LocalEulerAnglesHint.y
      value: 174.841
      objectReference: {fileID: 0}
    - target: {fileID: 3315036648559743786, guid: c4cdda0239066b545865791c18e801a2,
        type: 3}
      propertyPath: m_LocalEulerAnglesHint.z
      value: 0
      objectReference: {fileID: 0}
    - target: {fileID: 3315036648559743786, guid: c4cdda0239066b545865791c18e801a2,
        type: 3}
      propertyPath: m_LocalScale.x
      value: 1
      objectReference: {fileID: 0}
    - target: {fileID: 3315036648559743786, guid: c4cdda0239066b545865791c18e801a2,
        type: 3}
      propertyPath: m_LocalScale.z
      value: 1
      objectReference: {fileID: 0}
    m_RemovedComponents: []
  m_SourcePrefab: {fileID: 100100000, guid: c4cdda0239066b545865791c18e801a2, type: 3}
--- !u!4 &2990848419107528916 stripped
Transform:
  m_CorrespondingSourceObject: {fileID: 3315036648559743786, guid: c4cdda0239066b545865791c18e801a2,
    type: 3}
  m_PrefabInstance: {fileID: 540643675214935038}
  m_PrefabAsset: {fileID: 0}
--- !u!1001 &540643675215241323
PrefabInstance:
  m_ObjectHideFlags: 0
  serializedVersion: 2
  m_Modification:
    m_TransformParent: {fileID: 3922161095212838545}
    m_Modifications:
    - target: {fileID: 8406345135065018746, guid: 58730593a90cfb34c85bb4216ba8b562,
        type: 3}
      propertyPath: m_Name
      value: Light_4 (7)
      objectReference: {fileID: 0}
    - target: {fileID: 9215076153043348416, guid: 58730593a90cfb34c85bb4216ba8b562,
        type: 3}
      propertyPath: m_LocalPosition.x
      value: 1.3429947
      objectReference: {fileID: 0}
    - target: {fileID: 9215076153043348416, guid: 58730593a90cfb34c85bb4216ba8b562,
        type: 3}
      propertyPath: m_LocalPosition.y
      value: 3.422999
      objectReference: {fileID: 0}
    - target: {fileID: 9215076153043348416, guid: 58730593a90cfb34c85bb4216ba8b562,
        type: 3}
      propertyPath: m_LocalPosition.z
      value: 2.9492116
      objectReference: {fileID: 0}
    - target: {fileID: 9215076153043348416, guid: 58730593a90cfb34c85bb4216ba8b562,
        type: 3}
      propertyPath: m_LocalRotation.x
      value: -0
      objectReference: {fileID: 0}
    - target: {fileID: 9215076153043348416, guid: 58730593a90cfb34c85bb4216ba8b562,
        type: 3}
      propertyPath: m_LocalRotation.y
      value: 1
      objectReference: {fileID: 0}
    - target: {fileID: 9215076153043348416, guid: 58730593a90cfb34c85bb4216ba8b562,
        type: 3}
      propertyPath: m_LocalRotation.z
      value: -0
      objectReference: {fileID: 0}
    - target: {fileID: 9215076153043348416, guid: 58730593a90cfb34c85bb4216ba8b562,
        type: 3}
      propertyPath: m_LocalRotation.w
      value: 0
      objectReference: {fileID: 0}
    - target: {fileID: 9215076153043348416, guid: 58730593a90cfb34c85bb4216ba8b562,
        type: 3}
      propertyPath: m_RootOrder
      value: 24
      objectReference: {fileID: 0}
    - target: {fileID: 9215076153043348416, guid: 58730593a90cfb34c85bb4216ba8b562,
        type: 3}
      propertyPath: m_LocalEulerAnglesHint.x
      value: 0
      objectReference: {fileID: 0}
    - target: {fileID: 9215076153043348416, guid: 58730593a90cfb34c85bb4216ba8b562,
        type: 3}
      propertyPath: m_LocalEulerAnglesHint.y
      value: 180
      objectReference: {fileID: 0}
    - target: {fileID: 9215076153043348416, guid: 58730593a90cfb34c85bb4216ba8b562,
        type: 3}
      propertyPath: m_LocalEulerAnglesHint.z
      value: 0
      objectReference: {fileID: 0}
    m_RemovedComponents: []
  m_SourcePrefab: {fileID: 100100000, guid: 58730593a90cfb34c85bb4216ba8b562, type: 3}
--- !u!4 &8674573343192927147 stripped
Transform:
  m_CorrespondingSourceObject: {fileID: 9215076153043348416, guid: 58730593a90cfb34c85bb4216ba8b562,
    type: 3}
  m_PrefabInstance: {fileID: 540643675215241323}
  m_PrefabAsset: {fileID: 0}
--- !u!1001 &540643675316967654
PrefabInstance:
  m_ObjectHideFlags: 0
  serializedVersion: 2
  m_Modification:
    m_TransformParent: {fileID: 3922161095212838545}
    m_Modifications:
    - target: {fileID: 8406345135065018746, guid: 58730593a90cfb34c85bb4216ba8b562,
        type: 3}
      propertyPath: m_Name
      value: Light_4 (2)
      objectReference: {fileID: 0}
    - target: {fileID: 9215076153043348416, guid: 58730593a90cfb34c85bb4216ba8b562,
        type: 3}
      propertyPath: m_LocalPosition.x
      value: -2.9411469
      objectReference: {fileID: 0}
    - target: {fileID: 9215076153043348416, guid: 58730593a90cfb34c85bb4216ba8b562,
        type: 3}
      propertyPath: m_LocalPosition.y
      value: 3.422999
      objectReference: {fileID: 0}
    - target: {fileID: 9215076153043348416, guid: 58730593a90cfb34c85bb4216ba8b562,
        type: 3}
      propertyPath: m_LocalPosition.z
      value: -0.50200033
      objectReference: {fileID: 0}
    - target: {fileID: 9215076153043348416, guid: 58730593a90cfb34c85bb4216ba8b562,
        type: 3}
      propertyPath: m_LocalRotation.x
      value: -0
      objectReference: {fileID: 0}
    - target: {fileID: 9215076153043348416, guid: 58730593a90cfb34c85bb4216ba8b562,
        type: 3}
      propertyPath: m_LocalRotation.y
      value: 0.7071068
      objectReference: {fileID: 0}
    - target: {fileID: 9215076153043348416, guid: 58730593a90cfb34c85bb4216ba8b562,
        type: 3}
      propertyPath: m_LocalRotation.z
      value: -0
      objectReference: {fileID: 0}
    - target: {fileID: 9215076153043348416, guid: 58730593a90cfb34c85bb4216ba8b562,
        type: 3}
      propertyPath: m_LocalRotation.w
      value: 0.7071068
      objectReference: {fileID: 0}
    - target: {fileID: 9215076153043348416, guid: 58730593a90cfb34c85bb4216ba8b562,
        type: 3}
      propertyPath: m_RootOrder
      value: 21
      objectReference: {fileID: 0}
    - target: {fileID: 9215076153043348416, guid: 58730593a90cfb34c85bb4216ba8b562,
        type: 3}
      propertyPath: m_LocalEulerAnglesHint.x
      value: 0
      objectReference: {fileID: 0}
    - target: {fileID: 9215076153043348416, guid: 58730593a90cfb34c85bb4216ba8b562,
        type: 3}
      propertyPath: m_LocalEulerAnglesHint.y
      value: 90
      objectReference: {fileID: 0}
    - target: {fileID: 9215076153043348416, guid: 58730593a90cfb34c85bb4216ba8b562,
        type: 3}
      propertyPath: m_LocalEulerAnglesHint.z
      value: 0
      objectReference: {fileID: 0}
    - target: {fileID: 9215076153043348416, guid: 58730593a90cfb34c85bb4216ba8b562,
        type: 3}
      propertyPath: m_LocalScale.x
      value: 1
      objectReference: {fileID: 0}
    - target: {fileID: 9215076153043348416, guid: 58730593a90cfb34c85bb4216ba8b562,
        type: 3}
      propertyPath: m_LocalScale.z
      value: 1
      objectReference: {fileID: 0}
    m_RemovedComponents: []
  m_SourcePrefab: {fileID: 100100000, guid: 58730593a90cfb34c85bb4216ba8b562, type: 3}
--- !u!4 &8674573343024100134 stripped
Transform:
  m_CorrespondingSourceObject: {fileID: 9215076153043348416, guid: 58730593a90cfb34c85bb4216ba8b562,
    type: 3}
  m_PrefabInstance: {fileID: 540643675316967654}
  m_PrefabAsset: {fileID: 0}
--- !u!1001 &540643675436033926
PrefabInstance:
  m_ObjectHideFlags: 0
  serializedVersion: 2
  m_Modification:
    m_TransformParent: {fileID: 3922161095212838545}
    m_Modifications:
    - target: {fileID: 2319679977880894482, guid: 815caeca7c6f16246885a1e2df0cc026,
        type: 3}
      propertyPath: m_Name
      value: Light_1 (3)
      objectReference: {fileID: 0}
    - target: {fileID: 3133089215988721320, guid: 815caeca7c6f16246885a1e2df0cc026,
        type: 3}
      propertyPath: m_LocalPosition.x
      value: 1.9599991
      objectReference: {fileID: 0}
    - target: {fileID: 3133089215988721320, guid: 815caeca7c6f16246885a1e2df0cc026,
        type: 3}
      propertyPath: m_LocalPosition.y
      value: 3.967874
      objectReference: {fileID: 0}
    - target: {fileID: 3133089215988721320, guid: 815caeca7c6f16246885a1e2df0cc026,
        type: 3}
      propertyPath: m_LocalPosition.z
      value: 2.2679996
      objectReference: {fileID: 0}
    - target: {fileID: 3133089215988721320, guid: 815caeca7c6f16246885a1e2df0cc026,
        type: 3}
      propertyPath: m_LocalRotation.x
      value: -0
      objectReference: {fileID: 0}
    - target: {fileID: 3133089215988721320, guid: 815caeca7c6f16246885a1e2df0cc026,
        type: 3}
      propertyPath: m_LocalRotation.y
      value: -0
      objectReference: {fileID: 0}
    - target: {fileID: 3133089215988721320, guid: 815caeca7c6f16246885a1e2df0cc026,
        type: 3}
      propertyPath: m_LocalRotation.z
      value: -0
      objectReference: {fileID: 0}
    - target: {fileID: 3133089215988721320, guid: 815caeca7c6f16246885a1e2df0cc026,
        type: 3}
      propertyPath: m_LocalRotation.w
      value: 1
      objectReference: {fileID: 0}
    - target: {fileID: 3133089215988721320, guid: 815caeca7c6f16246885a1e2df0cc026,
        type: 3}
      propertyPath: m_RootOrder
      value: 19
      objectReference: {fileID: 0}
    - target: {fileID: 3133089215988721320, guid: 815caeca7c6f16246885a1e2df0cc026,
        type: 3}
      propertyPath: m_LocalEulerAnglesHint.x
      value: 0
      objectReference: {fileID: 0}
    - target: {fileID: 3133089215988721320, guid: 815caeca7c6f16246885a1e2df0cc026,
        type: 3}
      propertyPath: m_LocalEulerAnglesHint.y
      value: 0
      objectReference: {fileID: 0}
    - target: {fileID: 3133089215988721320, guid: 815caeca7c6f16246885a1e2df0cc026,
        type: 3}
      propertyPath: m_LocalEulerAnglesHint.z
      value: 0
      objectReference: {fileID: 0}
    m_RemovedComponents: []
  m_SourcePrefab: {fileID: 100100000, guid: 815caeca7c6f16246885a1e2df0cc026, type: 3}
--- !u!4 &3240965022388601134 stripped
Transform:
  m_CorrespondingSourceObject: {fileID: 3133089215988721320, guid: 815caeca7c6f16246885a1e2df0cc026,
    type: 3}
  m_PrefabInstance: {fileID: 540643675436033926}
  m_PrefabAsset: {fileID: 0}
